5892 6709
373 609 670 696 ·ere'

569 816 640 883 Sed
673 813 800 881 omissa
831 809 1004 880 subtiliore
1036 812 1087 878 dis
1110 810 1258 878 utatione
1289 822 1463 880 teneamus

482 922 604 970 voocm
623 896 812 988 Decalogi=
844 898 921 964 Non
941 894 1065 964 lurtum
1086 833 1202 977 lacios,
1234 895 1462 985 Quaecunque

483 1000 536 1055 cst
558 990 653 1076 origo
675 986 896 1054 distinctionis
917 985 1147 1063 dominiorum,
1168 993 1347 1070 postquam
1367 981 1462 1050 Deus

482 1075 571 1142 furta
592 1073 763 1161 prohibet,
797 1073 941 1138 sciamus
963 1071 1034 1137 iure
1056 1071 1166 1136 divino
1190 1081 1402 1150 contractus,
1429 1081 1464 1137 ει

482 1161 703 1248 proprietates
724 1158 923 1237 confimrarl,
956 1168 990 1225 ει
1010 1157 1146 1236 muniri,
1178 1167 1213 1222 et
1232 1154 1298 1221 hoc
1319 1157 1392 1222 iure
1413 1167 1463 1223 te·

483 1248 556 1338 neri
576 1265 688 1333 reges,
710 1247 880 1331 principes
902 1256 936 1309 et
957 1243 1118 1329 privatos.

568 1381 641 1449 Nec
661 1378 742 1447 licet
772 1381 977 1468 principibus
1000 1400 1133 1446 sumere
1153 1399 1197 1444 ex
1218 1375 1464 1445 alicnislacul·

482 1470 606 1536 tatibus
639 1478 795 1555 quantum
822 1466 951 1542 volunt,
983 1468 1013 1532 si
1058 1477 1126 1532 ιει
1145 1464 1284 1531 historia
1302 1466 1344 1531 de
1365 1467 1466 1531 vinea

481 1553 795 1661 llabothmstendit.
838 1554 908 1620 Sed
930 1554 1019 1619 dictu
1076 1553 1106 1619 1.
1130 1549 1214 1656 Bag.
1237 1551 1271 1618 8.»
1315 1550 1400 1655 lloc·
1412 1563 1465 1617 εει

482 1661 595 1814 ’.ιιι
614 1660 668 1806 r:
684 1637 1231 1877 ,arnamar-..tarn
1244 1637 1286 1787 ι
1307 1635 1465 1827 {attur

477 1808 1156 1984 att?dttittttrttittttt
1195 1819 1289 1875 ‘¹¹⁸⁰'
1321 1809 1463 1875 ‘'m'‘

569 2071 757 2136 Prudenter
794 2070 897 2134 ctiam
932 2065 1035 2133 intelli
1080 2069 1180 2132 ndum
1223 2077 1297 2132 est·
1319 2065 1463 2131 dietumt

484 2157 604 2223 Omnia
635 2167 713 2221 sunt
746 2155 851 2242 regis,
884 2155 973 2243 quod
1001 2176 1022 2219 a
1059 2154 1100 2218 ici
1121 2163 1352 2218 assentatores
1374 2152 1466 2216 uinta

482 2263 539 2309 um
566 2263 621 2308 am
642 2239 781 2306 liiicant.
848 2241 940 2307 Sicut
960 2242 994 2305 in
1016 2238 1158 2305 historia
1186 2234 1368 2303 llllethl
1390 2235 1466 2304 LU-

484 2327 601 2396 CELB
637 2326 824 2393 RGENSlS
846 2337 1011 2406 narratru,
1033 2337 1122 2391 mota
1143 2325 1339 2410 quaestione
1360 2322 1394 2386 in
1416 2323 1466 2388 iti·

483 2435 565 2480 nere
596 2416 638 2480 de
672 2413 814 2499 quadarn
835 2432 926 2492 arce,
959 2413 1160 2497 disputatum
1181 2406 1279 2475 simul
1300 2427 1389 2488 esse,
1410 2408 1466 2474 An

483 2521 564 2566 vera
585 2502 630 2565 sit
651 2501 853 2583 propositio:
876 2498 996 2564 Omnia
1017 2508 1097 2564 surrt
1117 2496 1343 2580 Imperatoris.
1367 2493 1466 2561 Curn-

484 2606 549 2673 que
570 2584 657 2652 alter
669 2586 880 2735 lurisperitus
893 2584 1088 2650 defenderet
1110 2603 1182 2648 earn
1203 2582 1466 2667 propositionem

343 2761 348 2778 ι
410 2735 413 2740 ,
484 2693 599 2745 vcrarn
620 2691 710 2751 osse,
732 2684 819 2736 ater
841 2672 1042 2736 contrarium
1064 2680 1224 2748 tueretur,
1247 2665 1399 2733 fecerunt
1419 2667 1466 2732 iu·

483 2757 590 2824 dicem
621 2757 858 2843 Imperatorem
891 2755 1082 2834 llenricum,
1114 2756 1159 2820 ita
1181 2765 1218 2820 ut
1239 2756 1348 2820 victus
1371 2753 1466 2817 daret

483 2862 602 2929 equum
625 2844 755 2909 victori.
800 2844 992 2929 Imperator,
1015 2853 1052 2908 ut
1072 2840 1160 2907 solet
1182 2839 1266 2920 ficri,
1288 2840 1395 2927 magis
1417 2836 1466 2903 fa·

483 2942 541 2998 vot
562 2926 621 3010 illi,
644 2930 698 3015 qui
721 2928 901 3015 amplificat
922 2929 1102 3015 potentiam
1125 2926 1357 3011 Imperatoris,
1390 2944 1466 3010 pro·

481 3018 611 3082 nuntiet
628 3036 742 3082 veram
764 3035 841 3081 esse
862 3015 1139 3101 propositionem,
1172 3011 1291 3078 Omnia
1308 3032 1385 3077 csse
1408 3012 1465 3075 irn-

481 3102 660 3187 peratoris,
683 3103 792 3168 victus
814 3102 904 3167 dedit
925 3121 1046 3186 equum
1068 3100 1196 3166 victori.
1261 3098 1341 3164 lnde
1365 3093 1466 3163 faceti

481 3188 634 3254 homines
657 3187 1225 3274 reprehendentesassentationem,
1247 3183 1337 3251 hunc
1355 3187 1465 3250 iocum

366 3347 368 3351 .
481 3286 693 3359 sparserunt:
725 3272 823 3343 Alter
853 3275 1027 3361 respondit
1059 3292 1213 3359 aequum,
1245 3270 1332 3337 altar
1362 3271 1466 3336 habet

481 3380 612 3448 equum.

569 3531 662 3598 llaec
684 3534 808 3597 inserui
832 3531 1158 3598 commonefactionls
1182 3548 1303 3608 causa,
1325 3538 1362 3594 ιιι
1384 3547 1463 3593 corr·

482 3615 649 3683 sideretur
681 3615 826 3682 humana
846 3617 985 3697 levitas,
1018 3638 1106 3702 quae
1134 3619 1176 3681 de
1196 3613 1263 3680 lroc
1280 3624 1462 3699 praecepto

442 3737 449 3752 ·
481 3701 614 3784 ludens,
632 3703 767 3769 laudern
787 3703 911 3790 ingenii
933 3722 1011 3768 esse
1033 3702 1135 3781 ducit,
1156 3700 1305 3805 graviter
1333 3699 1464 3765 defrau-

482 3791 564 3855 dare
586 3788 752 3869 homines,
774 3799 812 3855 ut
845 3798 923 3855 sunt
952 3788 1078 3853 infinita
1106 3785 1249 3852 artrficla
1276 3782 1466 3851 stellionum

482 3887 516 3942 ει
537 3877 756 3963 impostorum
782 3876 816 3941 in
838 3876 1078 3953 contractibus,
1102 3885 1136 3939 ει
1157 3873 1352 3939 iniustarunr
1374 3871 1463 3955 expi-

481 3961 641 4029 lationem
662 3963 696 4027 in
719 3960 817 4042 aulis,
851 3963 941 4027 unde
962 3972 1059 4027 vetus
1081 3959 1302 4026 Proverbium
1324 3970 1390 4040 est,
1412 3956 1463 4022 τά·

478 4074 549 4131 aar
568 4049 687 4132 rapa.

570 4384 576 4404 ³
691 4373 755 4442 DE
777 4371 961 4440 octavo
982 4369 1256 4438 PRAEGEPTO.

601 4638 697 4722 Non
727 4639 838 4723 dices
867 4636 1014 4722 salsum
1040 4637 1333 4723 testimonium

569 4853 614 4920 Ut
645 4875 747 4941 supra
768 4856 847 4935 dirri,
881 4854 1025 4920 Notitiae
1048 4854 1203 4921 virtutum
1221 4854 1361 4921 traditas
1382 4872 1463 4920 essa

481 4941 654 5019 divinitus,
684 4952 721 5007 ut
752 4944 819 5008 sint
852 4940 1062 5020 testimonia,
1095 4943 1186 5028 quod
1213 4941 1257 5008 sit
1289 4940 1395 5019 Deus,
1428 4952 1463 5006 et

1104 619 1220 689 rrrru.
1241 619 1347 689 nau.
1369 619 1557 691 suarrrn
1579 590 1860 687 boemanos.

2432 619 2501 686 ato

1513 810 1652 898 pissime
1672 805 1832 888 allirmat,
1861 827 1900 874 se
1921 807 2023 874 irasci
2048 816 2201 892 peccato.
2244 804 2350 874 Zacb.
2369 806 2405 874 8.
2447 811 2501 876 lu·

1514 906 1697 962 ramentum
1717 895 1860 960 mendax
1881 915 1925 960 ne
1947 891 2104 980 diligatis,
2127 895 2238 960 omnia
2259 892 2429 973 haecodi,
2449 895 2501 960 di·

1515 984 1560 1048 eit
1581 982 1754 1048 Dominus.
1819 978 1904 1046 Cum
1936 989 2046 1047 autern
2067 980 2113 1046 sit
2135 1000 2252 1060 verax,
2272 999 2341 1045 nou
2362 993 2443 1046 sunt
2462 981 2501 1048 ln

1514 1089 1555 1135 eo
1578 1066 1858 1135 contradictoriae
1879 1063 2080 1133 voluntates.
2164 1081 2169 1088 ·
2322 1139 2335 1176 ι
2362 1115 2368 1126 ,

1600 1237 1669 1305 Εει
1685 1235 1997 1305 autentaltl'tas
2009 1238 2116 1304 virtus
2134 1257 2274 1302 servans
2296 1239 2502 1306 convenien-

1515 1327 1595 1391 tiam
1618 1326 1840 1412 cogitationis,
1863 1327 2028 1391 serrnonis
2050 1335 2084 1389 et
2098 1335 2259 1410 gestuum
2281 1344 2358 1390 curn
2381 1346 2419 1389 re
2442 1346 2501 1391 co·

1516 1412 1631 1499 gitata,
1653 1422 1687 1478 et
1708 1414 1972 1478 convenientiam
1994 1411 2159 1477 sennonis
2182 1421 2215 1474 et
2234 1429 2373 1493 opernm
2395 1412 2501 1496 inpa-

1516 1500 1581 1565 ctis
1601 1517 1665 1565 seu
1685 1501 1922 1566 contractibus.
1943 1491 2165 1588 Ac'soiarnqs
2188 1496 2230 1561 dc
2251 1497 2501 1582 varitateprae·

1516 1584 1594 1670 cipi,
1617 1605 1694 1651 cunr
1715 1584 1854 1650 dicitur:
1887 1584 1938 1650 Sit
1965 1603 2077 1650 sermo
2107 1591 2220 1648 vester
2242 1595 2306 1661 est,
2328 1593 2395 1662 εει,
2417 1604 2501 1663 uon,

1510 1690 1602 1736 non:
1630 1681 1665 1736 et
1690 1669 1860 1757 prohiberi
1880 1670 2055 1736 mendacia
2081 1670 2115 1734 in
2139 1668 2289 1752 plurimis
2310 1664 2398 1734 locis
2416 1669 2503 1734 Pro·

1515 1758 1610 1822 verb.
1635 1756 1687 1822 la.
1730 1756 1945 1822 Abominatio
1965 1754 2101 1822 Domini
2116 1751 2349 1835 labiadolosa,
2369 1756 2504 1822 etPro-

1516 1844 1610 1908 verb.
1635 1839 1687 1906 19.
1712 1888 1715 1894 -
1742 1841 1853 1907 Τεειίε
1884 1842 2027 1908 mendax
2056 1862 2126 1906 non
2147 1843 2210 1907 erit
2231 1841 2432 1926 impunitus,
2465 1851 2504 1908 et

1516 1929 1573 2014 qui
1594 1926 1741 2014 loquitur
1761 1929 1979 2011 mendacium,
2013 1929 2143 2013 peribit.
2210 1926 2283 1992 liae
2305 1926 2503 2013 prohibitio·

1506 2036 1579 2080 nes
1601 2025 1635 2079 et
1655 2016 1926 2081 comminationes
1940 2013 2077 2080 flectant
2094 2014 2213 2079 nosad
2236 2014 2385 2080 veritatis
2408 2034 2504 2079 arno·

1516 2122 1598 2180 rern,
1621 2113 1653 2166 et
1675 2102 1718 2166 ad
1739 2096 1900 2186 fugienda
1920 2102 2115 2179 mendacia,
2138 2100 2337 2185 praestigias
2359 2098 2503 2185 Sophis-

1515 2200 1639 2253 matum
1669 2196 1701 2251 et
1733 2187 1936 2269 imposturas
1957 2186 1992 2251 irr
2013 2197 2085 2251 tota
2114 2187 2192 2264 vita,
2225 2187 2259 2249 in
2292 2187 2437 2266 iudiciis,
2467 2188 2505 2254 ἰιι

1515 2275 1636 2358 pactis,
1657 2275 1691 2337 in
1714 2272 1953 2353 contractibus,
1975 2274 2008 2337 in
2030 2272 2190 2337 doctrinis
2213 2284 2246 2337 et
2268 2273 2302 2336 in
2324 2275 2469 2339 artibus.

1602 2441 1824 2529 corruptelae
1845 2445 1976 2530 quidem
1997 2446 2172 2511 doctrinae
2193 2445 2236 2510 de
2264 2440 2342 2510 Deo
2362 2446 2505 2530 proprie

1515 2542 1665 2616 pugnant
1697 2551 1773 2595 cum
1805 2531 1957 2596 secundo
1984 2539 2184 2616 praeceptor
2213 2530 2290 2594 Non
2319 2532 2505 2615 usurpabis

1515 2638 1637 2681 nonrcn
1673 2615 1738 2681 Dei
1774 2619 1819 2681 tui
1850 2637 1950 2695 vane,
1977 2617 2040 2682 sed
2073 2616 2284 2701 corruptelae
2311 2617 2345 2680 in
2368 2619 2506 2684 artibus

1516 2700 1725 2769 collocentur
1741 2703 1829 2767 inter
1848 2702 2020 2768 mendacia
2031 2703 2214 2787 pugnantia
2228 2724 2303 2768 cum
2313 2700 2382 2768 lroc
2403 2723 2505 2789 prac-

1517 2801 1629 2874 ceptor
1652 2789 1729 2854 Non
1751 2787 1844 2854 dicas
1866 2786 1990 2855 lalsum
2011 2790 2233 2854 testimonium
2255 2800 2319 2854 eto.

1600 2956 1844 3026 Discernantur
1873 2971 1982 3025 autam
2003 2980 2025 3025 a
2046 2960 2229 3026 mendaciis
2251 2960 2398 3046 figurae,
2428 2961 2506 3047 qui-

1515 3049 1580 3112 bus
1601 3044 1780 3133 aliquando
1803 3047 1913 3112 sancti
1935 3056 1969 3111 et
1989 3047 2160 3130 sapientes
2181 3067 2259 3112 curn
2281 3069 2291 3110 r
2361 3067 2409 3111 na
2428 3045 2506 3112 lau·

1515 3134 1559 3198 de
1579 3144 1747 3199 utuntur.⁴
1770 3129 1902 3198 Raclrel
1922 3141 1996 3197 arte
2017 3131 2169 3197 occultat
2191 3128 2294 3198 ldola.·
2374 3135 2419 3198 ab
2443 3154 2508 3200 ιιε-

1515 3230 1574 3306 gat
1596 3239 1636 3284 se
1656 3219 1782 3284 habere
1803 3218 1954 3305 hospites
1972 3217 2153 3283 israelitas.
2177 3216 2330 3284 Coniunx
2355 3217 2508 3286 Davidis

1515 3306 1611 3391 lingit
1632 3307 1784 3371 maritum
1810 3301 1997 3393 aegrotale,
2020 3315 2054 3369 ει
2074 3302 2219 3369 collocat
2234 3317 2379 3369 statuam
2393 3306 2428 3369 in
2448 3318 2511 3373 re·¹

1513 3404 1580 3458 oto.
1624 3389 1668 3456 Et
1687 3392 1720 3456 l.
1764 3390 1894 3479 Regum
1918 3391 1970 3454 17.
1988 3401 2146 3477 teguntur
2169 3392 2202 3455 in
2225 3392 2371 3456 cisterna
2393 3392 2504 3459 Achi-

1513 3495 1589 3544 mas
1610 3489 1644 3543 et
1664 3476 1831 3544 lonatlras.
1875 3474 1975 3543 'l'ales
1997 3476 2123 3562 figurae
2144 3497 2212 3542 non
2234 3479 2507 3564 suntmcndacia

1512 3564 1648 3649 proprie
1668 3561 1849 3650 loquendo,
1870 3564 1933 3631 sed
1954 3560 2047 3630 velut
2068 3574 2319 3649 stratagemate,
2340 3573 2374 3628 et
2396 3575 2435 3629 ιιι
2458 3566 2506 3631 ab

1513 3650 1682 3716 llerodoto
1721 3650 1853 3729 dicitur,
1887 3649 2028 3731 σχήματα
2061 3650 2150 3732 λόγου
2181 3670 2244 3715 seu
2271 3650 2414 3728 ironiae,
2437 3670 2507 3716 seu

1514 3734 1599 3823 nopai
1621 3738 1719 3812 τοῦτο,
1751 3737 1867 3814 idest,
1893 3756 1961 3801 norr
1984 3756 2088 3801 causa
2109 3747 2146 3801 ut
2163 3755 2282 3801 causat
2309 3746 2346 3801 ut
2367 3733 2507 3804 Rachel

1514 3843 1583 3888 non
1603 3822 1712 3907 surgit
1732 3818 1892 3888 simulans
1914 3823 2075 3887 morbum.

1600 3992 1662 4058 Est
1681 4004 1793 4059 autem
1815 3993 1948 4079 proprie
1970 3991 2138 4080 loquendo
2150 3994 2357 4059 mendacium
2372 3994 2506 4080 cogita·

1513 4083 1558 4147 tio
1583 4080 1749 4145 concana
1771 4081 1819 4144 rei
1840 4099 1903 4143 seu
1924 4079 2046 4144 dietum
2068 4082 2269 4146 contrarium
2297 4079 2365 4159 rei,
2399 4101 2507 4166 quarn

1514 4167 1580 4234 dici
1597 4185 1741 4231 neccsse
1759 4176 1824 4244 εει,
1845 4185 1907 4231 seu
1925 4177 2043 4252 gestus
2065 4168 2253 4232 contrarius
2276 4166 2335 4243 rei,
2358 4187 2439 4232 curu
2458 4187 2504 4233 cx

1512 4252 1670 4319 futilitate
1690 4262 1748 4316 aut
1768 4252 1879 4317 studio
1901 4253 2044 4319 nocendi
2068 4257 2183 4330 oritur.
2227 4251 2320 4318 llaec
2350 4253 2505 4320 definitio

1513 4337 1764 4424 comprehendit
1786 4339 1897 4403 omnia
1916 4339 2100 4417 mendacia,
2122 4351 2209 4424 quae
2229 4340 2366 4422 proprie
2378 4341 2505 4405 sicno-

1512 4427 1679 4491 minantur
1711 4436 1745 4490 et
1776 4435 2027 4507 sumpseram,
2059 4436 2097 4490 ut
2119 4446 2194 4490 cum
2215 4422 2312 4489 milas
2332 4424 2505 4511 gloriatur

1512 4532 1552 4577 εε
1572 4512 1691 4577 cedern
1712 4512 1765 4577 die
1782 4508 1979 4596 praeliatum
1999 4530 2077 4575 esse
2098 4512 2131 4576 in
2154 4508 2270 4576 Cilicia
2288 4524 2324 4576 et
2339 4509 2504 4578 lllaoedo-

1512 4600 1578 4664 nia.
1622 4597 1703 4662 ltem
1731 4594 1797 4661 alia
1824 4593 1934 4680 palam
1961 4593 2050 4662 falsa
2071 4607 2106 4663 et
2121 4598 2311 4683 perniciosa
2334 4595 2431 4677 eliis,
2464 4610 2504 4665 ut

1513 4706 1589 4752 cum
1609 4682 1808 4750 Palamedes
1829 4679 2036 4749 calumniose
2055 4697 2245 4750 accusatur.

1599 4854 1668 4919 Sed
1689 4852 1830 4939 figurae,
1851 4855 1893 4918 de
1915 4831 2036 4941 quibus
2058 4857 2180 4921 dictum
2202 4866 2264 4934 cst,
2287 4866 2368 4920 sunt
2385 4853 2503 4922 occul·

1513 4943 1655 5007 tationes
1677 4960 1790 5005 earum
1813 4957 1940 5019 rerum,
1974 4963 2058 5026 quas
2091 4963 2158 5006 non
2192 4962 2333 5007 necesse
2356 4953 2410 5006 εει
2433 4942 2502 5008 dici

470 5029 674 5107 ostendant,
696 5027 806 5112 qualis
825 5029 881 5108 sit,
903 5041 938 5095 et
949 5029 1039 5115 quorl
1050 5030 1094 5094 sit
1105 5029 1247 5094 vindex:
1270 5027 1318 5092 lta
1341 5028 1374 5091 irr
1397 5026 1463 5092 lroe
1511 5031 1637 5094 interro
1662 5028 1745 5106 anti,
1775 5027 1860 5091 sicut
1882 5025 2007 5092 blichol
2025 5049 2093 5093 non
2112 5028 2224 5092 debuit
2246 5029 2399 5092 maritum
2422 5049 2502 5113 pro·

362 5157 365 5164 ,
479 5117 638 5184 mandato
660 5114 937 5181 considerandum
960 5128 1023 5195 εει,
1044 5112 1153 5181 Deum
1170 5114 1383 5181 severissimo
1403 5133 1462 5198 po·
1513 5117 1602 5181 dere.
1681 5124 1810 5177 etustas
1842 5112 1894 5177 sic
1916 5113 2080 5181 distinxit:
2113 5113 2286 5179 mendacia
2317 5110 2386 5178 alia
2418 5127 2501 5180 sunt

480 5201 609 5269 stulare
631 5200 816 5279 veritatem,
838 5212 874 5267 ιιι
892 5202 1000 5285 ipsum
1024 5222 1175 5267 veracem
1204 5220 1281 5266 esse
1303 5201 1462 5279 sciamus,
1512 5200 1712 5288 perniciosa,
1735 5198 1800 5265 alia
1822 5200 1955 5277 iocosa,
1984 5199 2051 5265 alia
2078 5198 2241 5265 officiosa.
2292 5198 2365 5264 Etsi
2388 5212 2501 5266 autom

480 5291 568 5358 sicut
598 5285 810 5357 lobannis&
831 5286 936 5372 inquit
956 5285 1141 5354 Dominusz
1175 5286 1241 5362 Qui
1273 5287 1363 5353 misit
1394 5307 1460 5365 me,
1512 5289 1631 5353 modos
1653 5282 1810 5371 loquendi
1831 5297 1982 5350 veterum
2003 5288 2093 5351 scire
2114 5307 2182 5350 non
2204 5297 2256 5351 est
2277 5285 2407 5351 inutile:
2450 5301 2501 5352 ta·

480 5385 534 5442 cst
554 5397 669 5444 verax.
713 5372 809 5441 Rom.
833 5371 865 5437 3.
909 5374 957 5440 Sit
979 5383 1089 5439 autern
1110 5371 1204 5439 Deus
1227 5394 1341 5440 verax.
1365 5372 1462 5447 Quod
1512 5369 1588 5439 meir
1611 5373 1806 5439 concinnius
1829 5383 1882 5438 εει
1903 5370 2200 5438 nomenlllendacii
2222 5392 2289 5436 non
2312 5368 2502 5439 transferre

481 5482 522 5527 co
552 5461 680 5530 firmius
708 5460 921 5528 statuendum
950 5470 1013 5539 est,
1042 5471 1080 5525 ut
1099 5462 1246 5528 sciamus
1267 5457 1377 5526 Deum
1398 5479 1462 5524 nec
1513 5459 1558 5525 ad
1578 5470 1830 5545 stratagemate,
1849 5468 1907 5524 aut
1928 5457 2066 5545 figuras,
2087 5471 2144 5526 aut
2165 5461 2273 5537 iocos,
2295 5458 2501 5526 videlicetut

480 5544 568 5615 velle
588 5560 742 5637 peccata
764 5569 829 5616 nco
850 5567 988 5616 causam
1010 5566 1089 5614 esse
1110 5547 1260 5633 peccati,
1288 5546 1367 5633 quia
1386 5563 1463 5612 saa·
1512 5539 1560 5612 'ad
1581 5542 1760 5633 Apologos
1780 5558 1839 5613 aut
1861 5551 2033 5631 poemata,
2063 5558 2101 5611 ut
2121 5567 2199 5612 cam
2220 5547 2321 5632 lupus
2353 5560 2502 5615 accrmat
