5892 6709
929 607 1062 696 403

928 777 1145 883 stitiae
1168 811 1529 899 Originalis
1577 814 1838 879 debitae
1879 817 2125 879 inesse.
2215 812 2630 900 Intelligatur
2671 827 2890 881 autem
2935 819 2950 917 i
3048 889 3053 896 ¹

932 903 1226 984 carentia
1269 901 1558 964 iustitiae
1601 920 1738 964 non
1782 899 1999 966 solum
2043 911 2303 977 reatus,
2368 902 2493 965 sed
2537 903 2734 965 etiam
2777 904 2892 966 ab·

930 989 1148 1060 sentia
1213 985 1468 1071 primae
1534 983 1706 1050 lucis
1753 997 1819 1050 et
1861 985 2309 1063 rectitudiniS,
2379 1006 2552 1071 quae
2596 984 2784 1052 fulsit
2826 990 2891 1052 in

926 1071 1218 1152 homine,
1262 1075 1412 1135 cum
1456 1070 1677 1148 adhuc
1723 1084 1908 1136 esset
1951 1073 2079 1152 ima
2130 1092 2171 1135 o
2202 1068 2333 1134 Dei
2375 1073 2781 1159 incorrupta,
2826 1085 2895 1138 et

926 1158 1246 1246 templum
1283 1153 1418 1222 Dei
1487 1168 1642 1222 ante
1705 1156 1989 1241 lapsum.
2110 1157 2236 1220 deo
2291 1156 2733 1224 definitionem
2778 1156 2893 1223 ali·

909 1309 926 1318 ,
977 1265 1067 1314 uo
1110 1246 1312 1311 modo
1404 1238 1720 1320 leniorem
1765 1244 2102 1321 addimus,
2171 1242 2358 1308 Sicut
2403 1244 2598 1330 Hugo
2652 1246 2893 1331 inquitt

927 1267 1296 1404 sseccatum
1335 1397 1340 1406 ,
1405 1330 1633 1415 riginis
1677 1341 1782 1394 est
1825 1330 2200 1416 ignorantia
2224 1330 2310 1393 de
2352 1328 2505 1396 Deo
2549 1332 2614 1395 in
2651 1343 2895 1409 mente,

933 1413 1487 1484 &inobedientia
1531 1416 1599 1480 in
1647 1413 1991 1481 voluntate
2032 1426 2100 1480 et
2146 1417 2372 1481 corde.

923 1593 932 1604 -
1008 1538 1058 1622 ·,’-;
1097 1553 1253 1628 Nos
1285 1553 1387 1620 sic
1429 1553 1749 1620 dicimus:
1824 1552 2180 1619 Peccatum
2227 1519 2570 1640 originale
2603 1565 2706 1628 est
2751 1574 2895 1620 rea·

926 1652 1038 1710 tus
1081 1650 1356 1724 propter
1389 1636 1652 1724 lapsum
1696 1641 2057 1725 primorum
2100 1656 2470 1725 parentum,
2514 1649 2895 1725 et-propter

925 1726 1232 1796 defectus
1273 1735 1350 1790 et·
1387 1745 1635 1810 pravas
1681 1724 2165 1804 inclinationeS,
2208 1735 2380 1812 quae
2423 1737 2697 1792 secutae
2739 1738 2896 1792 sunt

869 1831 873 1835 ·
927 1810 1195 1899 lapsum
1279 1813 1346 1876 in
1418 1812 1722 1876 omnibus
1789 1812 2221 1877 nascentibus
2286 1833 2367 1875 ex
2434 1813 2897 1888 commixtione

929 1901 1132 1964 maris
1178 1907 1243 1961 et
1286 1894 1637 1974 heminae,
1682 1909 1749 1963 et
1791 1911 1949 1962 sunt
1991 1897 2163 1962 mala
2208 1901 2573 1984 pugnantia
2597 1919 2745 1963 cum
2769 1897 2896 1964 Le·
2932 1892 2951 1960 l

1055 1981 1249 2062 DEt,
1294 1994 1360 2047 et
1403 1996 1737 2049 merentur
1779 1995 2119 2048 aeternam
2163 1985 2700 2064 damnationem,
2770 1985 2894 2049 nisi

923 2004 1044 2136 εει
1086 2069 1391 2135 remissio
1433 2082 1710 2155 propter
1740 2068 2202 2135 Mediatorem.

1341 2402 1535 2486 UBI
1595 2345 1767 2522 εῖτ
1823 2345 2479 2512 ,ΡΕΟΟΑΤΠΜ

1102 2669 1255 2734 Non
1300 2679 1552 2738 tantum
1594 2669 1663 2733 in
1709 2689 1995 2754 corpore
2031 2667 2314 2734 hominis
2351 2680 2505 2734 sunt
2547 2667 2718 2734 haec
2757 2689 2893 2734 ma·

928 2753 997 2819 la
1042 2756 1396 2820 nobiscum
1438 2756 1809 2833 nascentia,
1854 2753 2158 2822 defectus
2219 2755 2291 2819 et
2326 2774 2577 2839 pravae
2620 2753 2894 2821 inclina·

929 2842 1170 2920 tiones,
1216 2842 1335 2905 sed
1383 2837 1575 2905 simul
1620 2852 1772 2905 sunt
1818 2841 1881 2905 in
1925 2842 2142 2905 anima
2189 2852 2256 2905 et
2302 2862 2621 2925 corpore,
2667 2837 2894 2905 videli-

923 2942 1044 2991 cet
1085 2928 1149 2991 in
1185 2928 1481 3011 potentia
1523 2927 2002 3013 cognoscente,
2047 2929 2390 2992 'tenebrae
2434 2938 2501 2991 et
2547 2928 2894 2992 dubitatio·

917 3029 1060 3077 nes
1126 3013 1210 3077 de
1251 3010 1426 3077 Deo·
1469 3059 1474 3064 .
1517 3011 1591 3077 ln
1633 3013 1925 3097 potentia
1959 3024 2316 3098 appetente
2359 3024 2425 3077 et
2465 3014 2711 3092 corde,
2779 3015 2894 3079 ab·

927 3108 1087 3164 sunt
1127 3095 1350 3162 bonae
1389 3095 1873 3182 inclinationes,
1917 3120 2108 3164 amor
2149 3097 2298 3163 Dei.
2323 3108 2392 3163 et
2425 3100 2618 3165 timor-
2638 3098 2790 3172 Dei,
2828 3112 2897 3164 et

928 3184 1154 3249 insunt
1220 3203 1469 3267 pravae
1510 3183 2012 3264 inclinationes,
2079 3186 2364 3250 iniustus
2424 3197 2612 3251 amor
2653 3187 2893 3264 nostri,

932 3271 1274 3354 snperbia,
1322 3279 1629 3334 errantes
1671 3271 2121 3355 appetitiones
2157 3267 2593 3354 multiplices,
2657 3274 2726 3337 id
2770 3281 2896 3350 est,

929 3366 1115 3422 totus
1160 3354 1386 3432 homo,
1430 3357 1651 3419 anima
1694 3369 1760 3421 et
1805 3375 2087 3442 corpus,
2155 3369 2311 3440 post
2376 3354 2633 3442 lapsum
2702 3359 2899 3421 desiit

916 3451 1091 3508 ‘esse
1136 3438 1534 3506 domicilium
1577 3441 1745 3520 Dei,
1811 3455 1879 3508 et
1922 3465 2072 3509 cum
2116 3463 2254 3508 non
2298 3440 2390 3508 sul
2444 3458 2551 3508 eat
2595 3442 2782 3508 Deus
2828 3446 2894 3509 in

803 3619 822 3626 -
917 3523 1334 3607 ‘hominibus,
1381 3538 1535 3614 sunt
1577 3529 1645 3592 in
1691 3530 1787 3594 eis
1833 3531 2178 3608 tenebrae,
2197 3539 2264 3594 et
2293 3552 2401 3594 mu
2429 3530 2632 3615 tiplex
2652 3530 2891 3610 ἀταξία.

2195 623 2427 692 PHIL.
2470 625 2681 691 MEL.
2704 623 3085 693 SCRIPTA
3126 620 3690 690 DOGMA'rch.

3674 819 3805 901 De
3868 815 4275 928 Subiecta

3347 1024 3513 1108 Ubi
3572 1025 3679 1108 sit,
3734 1037 4167 1136 peccatum
4234 1021 4610 1136 Originis.

3436 1227 3720 1314 Causa
3770 1229 4126 1313 formalis
4170 1181 4513 1341 peceati,
4602 1329 4607 1334 Ι

3170 1411 3305 1477 lam
3375 1413 3508 1476 dixi
3572 1413 3657 1476 de
3721 1409 3983 1476 formali
4030 1411 4322 1489 Peccati,
4368 1424 4552 1477 reete
4597 1421 4664 1477 et
4706 1413 4966 1477 erudite

2999 1500 3261 1575 dicitur,
3303 1499 3482 1583 quod
3526 1500 3614 1562 sit
3655 1510 3905 1563 reatus.
3992 1498 4519 1564 Fundamentum
4560 1509 4788 1562 autem
4844 1499 4968 1565 hu-

2994 1585 3101 1649 ius
3170 1580 3513 1649 relationis
3578 1595 3687 1648 est
3752 1586 3971 1668 ipsum
4026 1585 4254 1650 vitium
4299 1584 4363 1648 in
4410 1583 4821 1663 hominibus,
4873 1585 4970 1650 ibi

2997 1691 3265 1757 quoque
3310 1672 3665 1762 proprium·
3691 1671 3831 1759 vitii
3873 1666 4154 1735 formale
4194 1680 4304 1735 est
4346 1666 4670 1736 defectus.
4782 1668 4970 1736 Haec

2997 1773 3183 1822 recte
3228 1758 3539 1822 institutis
3582 1773 3720 1848 non
3763 1767 3922 1821 sunt
3966 1755 4281 1822 obscura.

3169 1909 3495 1978 Praetera
3538 1910 3828 1977 discerni
3875 1920 4140 1995 oportet
4185 1910 4266 1980 in,
4288 1906 4666 1977 hominibus
4709 1932 4970 1999 organa

2998 2008 3065 2062 et
3108 1999 3586 2082 appetitiones,
3653 2010 3980 2082 quatenus
4023 2018 4065 2061 a
4105 1994 4260 2061 Deo
4306 1995 4617 2070 conditae
4645 2011 4855 2076 sunt,
4922 2020 4969 2064 a

2996 2082 3396 2161 defectibus,
3439 2095 3563 2149 sen
3598 2081 3838 2164 ᾰεαξία,
3884 2104 4057 2169 quae
4101 2082 4395 2148 accessit
4436 2082 4524 2146 ad
4566 2102 4778 2167 opera
4814 2082 4969 2164 Dei,

2997 2181 3068 2234 ut
3113 2172 3407 2253 potentia
3463 2170 3828 2255 generandi
3874 2180 3979 2234 est
4022 2189 4192 2253 opus
4236 2189 4279 2232 a
4321 2165 4471 2234 Dee
4517 2170 4855 2235 conditum
4899 2181 4970 2236 et

3006 2257 3405 2333 ordinatum,
3472 2255 3593 2320 sed
3658 2253 3875 2335 ἀταξία
3919 2275 4043 2326 seu
4098 2255 4352 2328 ordinis
4397 2255 4684 2320 turbatio
4728 2257 4971 2323 deinde

2997 2342 3310 2423 accessit,
3354 2360 3552 2426 .quae
3623 2352 3731 2405 est
3794 2338 4041 2407 vulnus
4102 2360 4231 2406 seu
4281 2337 4601 2405 laceratio
4647 2342 4714 2408 in
4759 2363 4969 2427 opere

2993 2429 3245 2493 divino.
3920 2443 3929 2450 ·

3166 2563 3670 2629 Discernendae
3736 2575 3892 2629 sunt
3934 2567 4130 2629 etiam
4173 2563 4441 2629 notitiae
4485 2583 4719 2644 verae,
4787 2587 4961 2651 quas

2992 2649 3185 2716 Deus
3223 2649 3366 2715 vult
3412 2671 3566 2715 esse
3612 2650 3908 2737 reliquas
3951 2652 4018 2714 in
4066 2661 4302 2714 natura
4347 2649 4709 2729 hominum,
4745 2663 4818 2718 nt
4838 2672 4959 2716 no·

2994 2736 3176 2801 titiae
3217 2736 3420 2822 Legis
3466 2749 3531 2802 et
3575 2739 3848 2816 artium,
3916 2756 4090 2822 quae
4146 2755 4387 2801 revera
4444 2746 4603 2801 sunt
4642 2755 4850 2823 opera
4895 2748 4968 2804 et

2998 2823 3175 2888 dona
3212 2823 3364 2900 Dei,
3430 2834 3497 2887 et
3559 2843 3603 2887 a
3645 2822 4168 2890 dubitationibus
4235 2823 4319 2887 de
4361 2819 4552 2900 Deo,
4596 2833 4666 2888 ει
4707 2820 4966 2910 reliqua

2934 2911 2952 3056 Ι
2999 2906 3306 2994 caligine.

3166 3044 3368 3109 Fines
3411 3055 3629 3109 autem
3673 3056 3830 3108 sunt
3872 3044 4190 3108 universa
4225 3045 4588 3110 destructio
4636 3043 4968 3112 humanae

2933 3087 2951 3226 1
2994 3141 3298 3209 naturae,
3346 3131 3502 3215 quia
3542 3128 3733 3194 Deus
3778 3131 3993 3196 iustus
4039 3130 4323 3195 destruit
4382 3143 4753 3197 creaturam
4799 3133 4968 3198 iniu-

2927 3231 2947 3327 ζ
2998 3229 3197 3283 stam.
3245 3215 3629 3303 Sequuntur
3674 3236 3837 3302 ergo
3881 3236 4090 3294 mors,
4134 3226 4201 3281 ει
4243 3217 4465 3282 omnia
4507 3213 4685 3282 mala
4730 3237 4971 3304 corpo·

2995 3306 3115 3382 ris,
3160 3313 3228 3368 et
3268 3304 3508 3368 deinde
3551 3314 3863 3382 aeternus
3910 3299 4105 3367 dolor
4126 3316 4401 3368 naturae
4423 3303 4746 3370 abiectae.
4802 3304 4969 3371 Item

2997 3391 3217 3455 omnia
3281 3405 3558 3475 peccata
3616 3384 3924 3460 actualia.
4016 3387 4179 3454 Item
4223 3388 4609 3454 tristissima
4651 3391 4967 3471 servitus,
5016 3433 5021 3437 -

2994 3498 3131 3564 qua
3174 3475 3377 3542 homo
3422 3476 3768 3541 subiectus
3813 3485 3919 3540 est
3964 3485 4247 3561 tyranno
4291 3471 4606 3542 Diabolo.

3167 3589 3607 3677 Considerata
3646 3611 3849 3698 igitur
3889 3621 4170 3676 naturae
4213 3598 4727 3695 depravatione,
4769 3609 4969 3694 intel-

2867 3713 2872 3718 '
2984 3700 3217 3784 ligitur
3259 3697 3439 3763 unde
3482 3698 3569 3762 sit
3612 3695 3876 3768 malum.
3923 3699 4007 3762 de
4039 3718 4172 3786 quo
4195 3695 4708 3764 aliter'doctrina
4731 3697 4969 3764 Eccle-

1291 3858 1609 3944 Causae
1675 3858 2118 3945 efficientes
2181 3862 2525 3945 Peccati.

1099 4125 1370 4194 Causae
1408 4128 1777 4194 efficientes
1818 4131 2009 4215 primi
2071 4127 2308 4215 lapsus
2363 4142 2520 4196 sunt
2559 4128 2889 4196 Diabolus

835 4226 842 4230 '
929 4225 998 4280 et
1041 4210 1354 4279 voluntas
1400 4211 1711 4293 hominis,
1751 4217 2025 4300 propria
2071 4214 2380 4281 libertate
2427 4227 2740 4281 avertens
2785 4236 2891 4280 se-

928 4319 1007 4366 se
1049 4319 1093 4364 a
1135 4300 1450 4366 mandato
1490 4297 1642 4378 Dei,
1712 4315 1777 4365 et
1822 4302 2195 4366 assentiens
2239 4298 2551 4368 Diabolo.
2642 4300 2891 4366 Dicun-

804 4406 808 4409 ·
926 4397 1039 4451 tur
1081 4395 1303 4450 autem
1347 4384 1721 4451 efficientes
1768 4405 2036 4465 causae,
2072 4408 2245 4474 quae
2265 4399 2604 4452 merentur
2623 4386 2890 4474 aliquid.

926 4469 1035 4535 Sic
1075 4471 1295 4537 Adam
1361 4483 1427 4537 et
1468 4470 1615 4536 Eva
1678 4474 1835 4539 sunt
1900 4494 2149 4538 causae
2191 4470 2585 4554 efficientes,
2652 4476 2716 4540 id
2763 4487 2890 4554 est,

926 4567 1267 4623 merentur
1329 4569 1585 4624 reatum
1632 4572 1696 4624 et
1741 4560 2129 4645 pravitatem
2173 4561 2502 4645 posteris,
2567 4562 2721 4646 quia
2762 4563 2892 4647 pri-

925 4643 1052 4709 mis
1097 4647 1487 4727 parentibus
1534 4644 1782 4711 donata
1827 4655 1972 4710 erat
2025 4645 2406 4732 integritas,
2452 4659 2541 4712 ·ιιι
2583 4668 2729 4711 eam
2771 4648 2889 4712 toti

926 4729 1860 4814 posteritati-conservarentz
1918 4728 2007 4796 Et
2048 4733 2291 4798 inhoc
2329 4733 2483 4816 ipso
2530 4735 2890 4798 certamine

926 4828 1432 4898 repraesentant
1458 4819 1671 4883 Adam
1717 4830 1782 4883 et
1813 4817 1959 4883 Eva
1999 4830 2209 4885 totum
2254 4839 2469 4905 genus
2514 4817 2889 4885 humanum.

926 4902 1095 4967 Sunt
1139 4902 1294 4968 item
1340 4900 1710 4970 efficientes
1759 4925 2031 4984 causae,
2077 4907 2233 4992 quia
2274 4908 2545 4992 propria
2587 4903 2889 4972 libertate

926 4989 1270 5055 excutiunt
1300 4987 1596 5056 Verbum
1640 4991 2045 5078 etSpiritum
2070 4995 2413 5072 Sanctum,
2460 5004 2529 5058 et
2570 4993 2661 5058 ita
2704 4994 2890 5058 omit-

923 5086 1073 5143 tunt
1113 5077 1293 5142 dona
1325 5077 1793 5144 conservanda
1835 5080 1956 5145 toti
1989 5079 2286 5146 naturae.

2995 3788 3162 3864 siae,
3205 3782 3399 3848 aliter
3444 3781 3746 3849 doctrina
3793 3780 4272 3868 philosophica
4314 3781 4637 3871 loquitur,
4693 3795 4766 3849 ut
4810 3785 4979 3850 Phr·

2933 3868 2946 3929 Ι
2992 3869 3306 3955 losopltia
3352 3870 3625 3955 cogitat,
3657 3909 3661 3914 -
3689 3868 3902 3936 solam
3948 3872 4287 3935 materiam
4331 3889 4484 3934 esse
4529 3872 4760 3936 mortis
4806 3891 4968 3936 can-

2994 3977 3159 4035 sam,
3205 3954 3532 4020 Doctrina
3566 3953 3917 4021 Ecclesiae
3964 3958 4185 4034 docet,
4232 3954 4662 4041 principalem
4688 3971 4968 4024 causam

2993 4062 3151 4110 esse
3186 4054 3561 4127 peceatum,
3604 4055 3677 4107 ut
3704 4041 3889 4106 Rotnz
3914 4041 3976 4107 5.
4017 4043 4286 4107 diciturz
4330 4043 4464 4108 Per
4504 4064 4732 4108 unum.
4756 4041 4970 4110 homi-

2986 4145 3143 4195 ·nem
3192 4140 3533 4213 peccatum
3572 4129 3841 4202 intravit
3870 4129 4294 4204 iti-mnndum
4339 4140 4405 4194 et
4446 4149 4569 4214 per
4610 4139 4968 4214 peccatum

2991 4235 3198 4281 mors·

3168 4352 3293 4415 Hic
3338 4353 3735 4417 brevissime
3777 4352 3861 4416 de
3905 4352 4150 4416 usitata
4195 4352 4587 4435 quaestione
4633 4352 4964 4433 dicamus,

2994 4458 3080 4503 an
3146 4440 3210 4502 in
3268 4441 3519 4504 renatis
3587 4439 3653 4502 in
3719 4436 3848 4504 hac
3909 4439 4046 4501 vita
4088 4434 4411 4523 reliquum
4452 4438 4542 4501 sit
4585 4452 4961 4522 peccatum.

2984 4524 3308 4589 -Monachi
3352 4527 3760 4590 contendunt
3803 4525 3869 4587 in
3913 4521 4277 4588 infantibus
4318 4525 4666 4607 baptizatis
4691 4544 4826 4589 non
4854 4545 4965 4589 es·

2992 4630 3071 4674 se
3116 4624 3487 4695 peccatum,
3534 4622 3603 4676 ει
3642 4607 3885 4674 malam
3933 4609 4580 4694 concupiscentiam,
4640 4630 4817 4695 quae
4859 4631 4965 4675 re-

2992 4694 3173 4783 liqua
3216 4709 3343 4774 est,
3388 4699 3693 4761 dixerunt
3737 4707 3985 4760 tantum
4031 4716 4187 4760 esse
4233 4693 4472 4759 malunt
4506 4710 4788 4781 poenae,
4833 4715 4966 4761 nee

2996 4804 3155 4849 esse
3199 4780 3451 4869 aliquid
3486 4803 3797 4932 pugnans
3844 4803 3992 4846 cum
4036 4781 4221 4866 Le'ge
4266 4781 4418 4846 Dei.
4464 4781 4610 4846 Nos
4646 4794 4965 4846 constan-

2992 4883 3096 4935 ter
3139 4871 3418 4936 dicimus
3462 4868 3579 4932 ila
3624 4866 3823 4945 mala,
3868 4889 4039 4952 quae
4084 4867 4343 4954 reliqua
4384 4879 4563 4948 sunt,
4608 4865 4966 4952 caliginem

2990 4958 3058 5021 in
3101 4968 3354 5033 mente,
3424 4968 3492 5019 et
3534 4953 3979 5019 dubitationes
4025 4955 4109 5019 de
4153 4952 4337 5033 Deo,
4396 4964 4463 5018 et
4506 4956 4571 5018 in
4615 4951 4967 5030 voluntate

2992 5039 3288 5107 fremitus
3337 5054 3568 5105 contra
3612 5039 3868 5119 Deum,
3937 5052 4004 5106 et
4047 5038 4471 5125 multiplicem
4514 5040 4964 5119 aversionem,

2994 5148 3171 5214 quae
3209 5124 3385 5192 mala
3442 5127 3661 5194 omnia
3699 5126 4351 5211 comprehenduntur
4400 5127 4663 5191 nomine
4708 5144 4964 5191 concu-

2990 5213 3380 5298 piscentiae,
3425 5212 3707 5280 Roman.
3730 5213 3793 5278 7.
3837 5234 3995 5278 esse
4029 5210 4208 5278 mala
4249 5214 4611 5299 pugnantia
4659 5232 4809 5278 cum
4833 5210 4967 5276 Le-

3044 5320 3082 5363 e
3117 5298 3268 5378 Dei,
3311 5300 3487 5365 sicut
3528 5299 3808 5364 Roman.
3856 5300 3920 5363 7.
3967 5319 4289 5385 expresse
4327 5300 4504 5363 dicit.
4578 5297 4738 5363 ltem
4767 5296 4962 5362 Rom.

3041 5434 3057 5451 .
3106 5385 3366 5449 Sensus
3414 5387 3634 5450 carnis
3680 5387 4014 5451 inimicitia
4058 5397 4163 5448 est
4205 5385 4533 5450 adversus
4577 5383 4833 5462 Deum,
4892 5395 4966 5448 et

2998 5492 3081 5537 ex
3150 5470 3528 5537 definitione
3592 5471 3907 5537 Iohannis
3964 5471 4319 5557 perspicua
4363 5483 4467 5536 est
4513 5469 4963 5537 confirmatio:

2933 5505 2946 5617 1
2996 5558 3360 5626 Peccatum
3423 5572 3528 5625 est
3591 5558 3907 5647 quicquid
3974 5570 4083 5623 est
4147 5558 4555 5624 contrarium
4596 5556 4763 5642 Legi
4804 5553 4962 5622 Dei.
