5892 6709
1090 663 1205 734 eurr.
1226 664 1330 732 rma.
1352 664 1542 754 semera
1561 665 1844 736 nonnanes.
2224 670 2229 676 ·
2417 669 2488 737 rao

776 858 965 947 Secunda
987 862 1118 946 Ratio,
1496 876 1665 942 nunquam
1688 857 1730 922 do
1752 857 1982 922 emendatione
2003 853 2073 923 ulla
2094 859 2339 944 cogitaverunt.
2367 858 2485 933 Quen·

1481 954 1565 1006 ‘tum
1604 953 1715 1007 autem
1746 940 1862 1007 scelus
1894 943 1939 1007 sit
1969 943 2097 1008 abusus
2128 941 2228 1009 huius
2261 945 2484 1027 Sacramenti,

1496 1024 1623 1092 Paulus
1643 1048 1712 1092 non
1734 1030 1881 1093 obseura
1901 1028 2086 1114 significat,
2119 1049 2193 1094 eum
2220 1031 2264 1096 ad
2285 1028 2483 1098 Corinthios

551 1110 658 1198 Finge
689 1120 798 1176 autem
819 1129 923 1195 posse
945 1106 1016 1175 tolli
1039 1109 1226 1195 opinionem
1248 1107 1445 1194 applicatio·
1497 1111 1620 1197 inquit:
1642 1111 1766 1177 Probet
1787 1134 1826 1178 se
1843 1115 1952 1199 ipsum
1968 1113 2086 1179 homo:
2109 1116 2165 1201 qui
2186 1117 2321 1201 indigno
2342 1111 2482 1183 mandu-

464 1201 529 1277 uis,
552 1209 663 1262 tamen
684 1193 809 1262 vellent
830 1194 878 1260 illi
899 1197 1093 1260 conservari
1115 1194 1336 1275 oblationem,
1359 1215 1446 1282 quae
1499 1198 1637 1276 caverit,
1669 1218 1749 1264 reus
1781 1201 1844 1263 erit
1875 1200 2027 1284 eorporis
2059 1210 2094 1265 et
2126 1203 2299 1288 sanguinis
2332 1201 2481 1269 Domini.

465 1286 564 1351 etiam
596 1303 663 1347 nou
699 1294 751 1345 est
778 1282 929 1346 instituta
955 1284 989 1346 in
1011 1281 1064 1345 his
1087 1283 1199 1346 verbis
1222 1278 1357 1346 Christi.
1403 1280 1446 1345 Et
1496 1283 1568 1349 Nee
1589 1284 1723 1349 dubium
1745 1295 1809 1363 est,
1832 1283 1944 1351 multis
1965 1282 2108 1371 publicis
2130 1296 2164 1352 et
2185 1289 2324 1372 privatis
2347 1286 2482 1354 calami·

464 1370 620 1436 Christus
643 1366 738 1433 solus
759 1369 769 1430 i
794 1386 832 1433 se
853 1387 931 1432 sese
954 1366 1091 1447 obtulit,
1120 1388 1188 1431 non
1210 1365 1281 1432 vult
1303 1386 1324 1430 a
1346 1368 1445 1431 nobis
1496 1369 1621 1433 tatibus
1653 1370 1742 1435 hune
1772 1370 1913 1436 abusum
1936 1372 2065 1456 puniri:
2107 1370 2206 1438 Deus
2225 1374 2311 1438 enim
2332 1376 2484 1459 graviter

387 1479 389 1483 ·
464 1455 586 1523 oil'erri.
630 1451 724 1531 ltem,
786 1474 830 1518 on
851 1450 932 1517 licet
952 1454 1078 1519 institui
1114 1450 1238 1518 cultum
1260 1453 1333 1516 siae
1355 1472 1445 1516 man·
1496 1451 1717 1519 idololatriam
1739 1457 1855 1539 punire
1877 1456 1977 1521 solet.
2021 1454 2133 1529 Quare
2155 1471 2227 1524 toto
2245 1471 2383 1544 pectore
2406 1481 2483 1526 ora·

464 1543 542 1607 dato
565 1532 639 1605 llei.
672 1540 729 1603 'At
762 1536 821 1603 tali
841 1537 948 1603 ltttssa
977 1551 1117 1617 retenta,
1150 1549 1301 1603 maneret
1334 1534 1445 1603 cultus
1497 1559 1572 1605 mus
1585 1539 1702 1611 Deum.
1725 1553 1761 1607 ut
1782 1553 1924 1608 mentem
1947 1543 2003 1606 det
2025 1543 2122 1607 etiam
2145 1541 2233 1623 aliis,
2255 1557 2292 1610 ut
2303 1544 2484 1612 Ecclesiae
2537 1548 2544 1558 '

463 1647 531 1692 uon
553 1627 743 1703 mandatus,
764 1637 912 1690 muneret
933 1625 1019 1689 enim
1043 1645 1127 1709 opus
1149 1624 1337 1690 distinctum
1355 1644 1444 1708 apo·
1496 1625 1531 1689 iu
1552 1624 1618 1691 hac
1639 1638 1790 1692 tentare
1812 1625 1991 1695 consulere
2011 1628 2180 1713 incipiant.

487 1710 533 1777 uli
554 1712 796 1787 communione,
817 1712 908 1796 quod
930 1730 1047 1776 omnes
1065 1712 1226 1775 haberent
1247 1729 1309 1792 pro
1331 1711 1445 1794 singu·
1551 1729 1557 1738 ·
2121 1760 2123 1763 ,

476 1800 526 1864 ari
558 1810 592 1863 et
623 1797 817 1863 necessario
851 1795 940 1861 cultu
963 1797 997 1861 in
1020 1795 1184 1862 Ecclesia.
1230 1795 1313 1860 Cum
1334 1806 1445 1859 autem
1584 1794 1781 1883 Quanquam
1813 1810 1921 1863 autem
1954 1797 2039 1864 haee
2071 1800 2145 1863 isa
2176 1819 2280 1865 causa
2298 1801 2340 1866 de
2369 1800 2482 1867 Missa

462 1905 533 1950 non
554 1884 597 1950 sit
617 1883 838 1948 instituendus
859 1884 943 1946 ritus
966 1883 1038 1948 sine
1056 1883 1222 1959 mandato,
1244 1880 1445 1944 retineamus
1497 1880 1660 1963 prolixius
1693 1884 1854 1967 disputari
1886 1896 2013 1966 posset,
2046 1879 2157 1950 taum
2189 1885 2245 1951 hle
2266 1885 2484 1952 fundamenta

462 1967 605 2037 sormam
626 1971 780 2034 traditam
801 1968 833 2032 in
845 1966 1042 2053 Evangelio,
1064 1967 1258 2052 praesertim
1275 1988 1349 2031 euru
1361 1964 1445 2030 Pau·
1499 1969 1642 2033 breviter
1676 1966 1839 2052 complexi
1867 1989 1994 2035 sumus.
2048 1967 2145 2036 Ritus
2178 1983 2295 2038 noster
2325 1975 2486 2060 congruit

462 2054 518 2121 lus
540 2056 710 2139 expressis
732 2056 844 2119 verbis
865 2055 1058 2138 praecinat,
1080 2068 1116 2117 ut
1136 2048 1280 2137 plurium
1301 2052 1445 2115 sitcom·
1498 2075 1574 2118 eum
1596 2054 1801 2119 institutione
1823 2054 1960 2133 Christi,
1994 2075 2069 2120 eum
2091 2053 2210 2135 Paulo,
2233 2079 2307 2123 cum
2330 2069 2402 2123 tota
2425 2080 2485 2124 ve·

463 2143 590 2220 munio,
624 2154 658 2206 et
690 2139 821 2204 utdmur
853 2159 959 2203 coena
1015 2139 1114 2204 omini
1147 2151 1307 2223 tanquam⁸
1326 2137 1446 2203 Sacra·
1498 2141 1560 2203 teri
1592 2137 1758 2205 Ecclesia.
1801 2140 1900 2206 Ratio
1933 2141 1975 2205 dc
2006 2161 2071 2205 usu
2093 2139 2300 2208 sacramenti
2333 2165 2379 2209 ex
2400 2166 2486 2209 vera

463 2240 575 2293 mento
610 2227 652 2291 ad
675 2226 773 2289 iidem
792 2224 1000 2290 excitandam
1023 2236 1056 2288 et
1078 2225 1271 2309 erigendam
1292 2223 1447 2287 recorda·
1497 2225 1660 2305 doctrina,
1693 2228 1735 2290 da
1768 2224 1934 2291 sacrificio
1957 2224 2094 2306 Christi,
2115 2239 2150 2292 et
2179 2230 2222 2293 de
2242 2228 2368 2294 iustitia
2391 2229 2486 2308 fidei,

462 2313 554 2380 tione
578 2311 814 2377 beneficiorum
836 2308 971 2387 Christi,
1004 2331 1045 2375 ac
1068 2311 1186 2374 deinde
1209 2328 1347 2394 agamus
1369 2328 1446 2393 gra·
1496 2324 1628 2396 sumpta
1650 2324 1711 2376 est.
1755 2310 1849 2376 llaec
1869 2322 1947 2376 sunt
1968 2324 2073 2390 certa,
2106 2310 2202 2379 firma
2234 2324 2268 2378 et
2289 2316 2487 2399 perspicua,

463 2399 528 2464 tias
551 2397 703 2475 Christo,
734 2415 798 2480 pro
819 2392 1016 2460 liberatione
1039 2405 1141 2466 tanta.
1183 2394 1260 2459 Non
1282 2393 1446 2479 fingamus
1496 2415 1560 2460 nec
1582 2398 1687 2462 everti
1703 2407 1862 2481 possunt,
1883 2397 2011 2462 etiamsi
2033 2396 2191 2463 fortassis
2213 2396 2312 2484 aliqui
2324 2399 2486 2485 sophisti-

463 2484 684 2550 ceremoniam
718 2484 822 2567 ipsam
855 2501 898 2545 ex
926 2500 1030 2566 opere
1059 2491 1197 2565 operato
1220 2500 1299 2546 esse
1322 2478 1445 2544 cultum
1496 2483 1546 2546 eis
1578 2484 1781 2568 argumentis
1812 2502 1975 2549 excusare
2007 2494 2042 2548 et
2062 2483 2180 2550 fucare
2207 2483 2333 2551 blissas
2354 2483 2486 2553 volent.

463 2581 521 2635 aut
541 2570 753 2634 saeriiieiuru.
799 2567 891 2631 llaec
922 2564 984 2631 fuit
1006 2566 1210 2632 consuetudo
1234 2567 1359 2630 veteris
1381 2564 1445 2630 Ee·
1496 2567 1628 2634 Scimus
1651 2568 1737 2633 enim
1759 2568 1911 2633 homiues
1933 2566 2076 2633 callidos
2099 2567 2212 2634 solere
2233 2590 2369 2637 errores
2392 2569 2486 2637 fucis

463 2653 604 2721 clesiaez
632 2654 717 2719 Nam
739 2652 811 2718 sere
833 2654 999 2739 usquead
1023 2653 1221 2738 Gregorium
1242 2648 1354 2716 nullae
1375 2647 1445 2714 lue·
1497 2653 1694 2739 quibusdam
1727 2656 1876 2740 pingere.
1925 2654 1995 2719 Sed
2023 2656 2079 2738 qui
2108 2652 2224 2721 valent
2256 2653 2386 2741 gloriae
2417 2655 2487 2725 Dei

461 2753 540 2807 runt
561 2742 713 2825 privatae
735 2738 871 2804 hlissae.
916 2738 1110 2803 Adversarii
1132 2738 1239 2802 nostri
1261 2735 1444 2812 clamitant,
1495 2740 1635 2818 servire,
1657 2750 1692 2803 et
1701 2737 1876 2804 Ecclesiae
1894 2738 1994 2804 saluti
2016 2737 2206 2819 complere,
2228 2742 2404 2808 veritatem
2426 2766 2487 2809 au·

461 2848 552 2893 nune
574 2846 637 2891 nos
659 2827 833 2890 discedere
855 2827 898 2890 ab
920 2822 1097 2890 Ecclesiae
1120 2824 1376 2900 consuetudine,
1411 2831 1444 2886 et
1495 2820 1638 2889 tolerant
1658 2822 1787 2891 lucosis
1809 2837 1843 2892 et
1863 2824 2058 2909 sophisticis
2080 2827 2276 2893 rationibus.
2321 2826 2359 2893 ld
2382 2831 2518 2896 decet·

462 2912 645 2999 magnifieri
668 2908 820 2995 exempla
841 2906 1014 2975 Ecclesiae
1035 2911 1212 2994 postulant.
1256 2909 1324 2974 Sed
1347 2907 1443 2972 nohis
1496 2930 1612 2974 onrnes
1634 2911 1692 2995 qui
1715 2911 1822 2976 Deum
1843 2913 1969 2990 timent,
1991 2913 2049 2996 qui
2071 2924 2163 2979 recte
2183 2914 2341 2979 invocare
2357 2912 2485 2995 Deum,
2523 2937 2529 2948 ’

463 2998 612 3064 iniuriam
634 2994 774 3061 faciunt:
797 2996 882 3061 Nam
905 2998 969 3081 ipsi
990 3018 1011 3060 a
1031 3015 1133 3060 serae
1154 2992 1330 3061 Ecclesiae
1352 3013 1443 3057 more
1496 3006 1529 3060 et
1552 2992 1729 3062 consulare
1749 2993 1926 3063 Ecclesiae
1948 2998 2095 3081 capiunt.

463 3096 497 3148 et.
518 3079 670 3168 exemplo
701 3083 936 3160 discesserunt,
969 3101 1077 3146 novos
1101 3079 1211 3146 cultus
1233 3091 1444 3164 receperunt,

462 3168 607 3235 humana
628 3169 811 3235 temeritate
833 3169 1062 3256 excogitatos,
1090 3168 1225 3254 ignotos
1250 3167 1356 3232 veteri
1380 3164 1443 3230 Ec·
1585 3163 1690 3232 Valde
1717 3167 1825 3231 mirati
1857 3185 1972 3232 sumus
1994 3164 2173 3233 Attalicum
2191 3169 2375 3251 decretum,
2406 3191 2487 3237 cum

464 3254 598 3321 clasiae.
678 3259 680 3264 '
1494 3249 1588 3316 nulla
1620 3253 1807 3317 emendatio
1839 3255 2004 3317 ahusuum
2024 3219 2151 3319 elissae
2172 3274 2233 3338 pro
2260 3268 2402 3343 anatur,
2473 3293 2487 3308 ·

1493 3359 1569 3402 men
1592 3336 1786 3422 simpliciter
1805 3339 1850 3403 ibi
1869 3336 2037 3404 stabilitur
2063 3342 2194 3423 privata
2252 3340 2334 3406 issa.
2369 3339 2487 3422 ,Mira-

531 3424 734 3512 ¹Dionysius
757 3425 954 3489 describens
975 3424 1073 3488 ritum
1095 3423 1286 3509 synaxeos,
1307 3440 1351 3487 ne
1371 3423 1442 3507 qui·
1493 3445 1568 3488 mur
1589 3423 1778 3508 Episcopus
1809 3421 1978 3489 atlirmara
1997 3423 2138 3490 Missam
2171 3427 2400 3492 necessariam
2431 3448 2487 3492 es·

463 3513 539 3578 dem
561 3515 709 3576 nominat
731 3507 945 3588 oblationem,
967 3530 1042 3573 cum
1065 3510 1195 3595 quidem
1206 3511 1239 3573 in
1251 3508 1443 3574 describen-
1494 3529 1546 3587 se,
1578 3531 1654 3575 cum
1677 3509 1809 3575 circiter
1829 3530 1937 3575 annos
1958 3511 2222 3596 quadringentos
2244 3508 2344 3577 suerit
2364 3515 2488 3598 ignota

464 3600 516 3665 dis
540 3596 736 3662 ceremoniis
759 3597 935 3660 admodum
958 3592 1101 3681 diligens
1123 3593 1232 3660 fuerit.
1266 3593 1319 3658 ¹Et
1339 3591 1442 3677 appli-
1493 3596 1619 3680 primae
1647 3606 1682 3660 et
1707 3596 1832 3680 puriori
1855 3593 2040 3662 Ecclesiae.
2085 3596 2139 3660 An
2162 3593 2221 3661 illa
2240 3617 2295 3661 res
2319 3619 2487 3666 necessa·

464 3686 552 3750 eatio
585 3701 727 3768 prorsus
758 3682 874 3765 ignota
895 3692 948 3744 est
971 3681 1156 3754 veteribust
1196 3680 1281 3746 Nam
1301 3678 1442 3744 Latinus
1495 3682 1563 3745 rias
1585 3681 1786 3766 ignorabat‘l
1808 3686 1843 3746 ln
1854 3680 2010 3746 Ecclesia
2031 3684 2252 3748 verecundius
2264 3687 2487 3767 pronuntiau-

365 3835 379 3846 ,
463 3769 579 3836 Canon
603 3787 691 3833 nova
712 3767 874 3853 quaedam
897 3764 1090 3849 Rhapsodia
1112 3775 1181 3842 est,
1202 3762 1358 3848 paulatim
1380 3785 1444 3829 au·
1495 3768 1572 3831 dum
1594 3775 1685 3829 erat:
1709 3766 1744 3830 Si
1767 3766 1916 3851 privatae
1932 3765 2060 3833 Missae
2081 3777 2161 3832 sunt
2180 3771 2411 3848 necessariae,
2435 3781 2486 3836 to·

463 3868 530 3934 eta,
551 3867 587 3919 ut
610 3854 793 3939 Gregorius
815 3851 972 3931 testatur,
1000 3851 1054 3936 qui
1072 3849 1160 3914 banc
1178 3850 1317 3914 sormam
1339 3850 1443 3935 inquit
1493 3862 1527 3915 ta
1559 3862 1658 3916 vetus
1680 3849 1833 3917 Ecclesia
1865 3854 2052 3919 damnatur.
2098 3851 2198 3925 Quod
2228 3874 2311 3919 vero
2333 3857 2485 3936 additur,

463 3940 637 4007 collectam
670 3959 747 4003 esse
781 3938 986 4023 aquodam,
1019 3956 1117 4022 quem
1138 3948 1239 4000 vocat
1261 3933 1444 4001 Scholasti·
1495 3933 1618 4021 populo
1641 3956 1700 4000 eas
1722 3936 1847 4001 lllissas
1869 3938 1912 4002 ad
1935 3940 2089 4024 pietatem
2131 3940 2289 4018 rodesse‘,
2322 3944 2486 4029 ambigue

464 4048 549 4093 cum.
594 4026 637 4090 Et
670 4023 779 4089 diil‘ert
800 4024 833 4087 in
855 4022 941 4089 loeis
964 4024 1152 4109 insignibus
1174 4043 1195 4086 a
1217 4020 1358 4086 Graecis
1379 4019 1444 4088 Ca·
1495 4023 1603 4108 posita
1625 4032 1675 4087 est
1699 4024 1875 4103 sententia,
1891 4036 1939 4103 ut,
1962 4026 2026 4090 etsi
2045 3960 2221 4110 applicatio
2243 4046 2311 4090 non
2329 4031 2486 4094 nomina·

462 4115 617 4191 nonibus,
640 4121 718 4176 sunt
739 4112 826 4174 enim
848 4110 933 4189 duo,
956 4110 1013 4193 qui
1036 4121 1069 4173 et
1091 4110 1152 4192 ipsi
1171 4110 1255 4172 inter
1277 4127 1316 4172 se
1338 4107 1370 4170 in
1393 4105 1443 4171 lo·
1495 4122 1560 4184 tur,
1581 4119 1690 4173 tamen
1713 4128 1808 4173 error
1828 4110 1998 4175 inanimis
2021 4107 2135 4195 populi
2156 4111 2381 4177 confirmetur.
2414 4114 2484 4180 De·

463 4200 513 4266 eis
534 4199 719 4283 insignibus
742 4197 905 4261 differunt.
950 4193 1033 4260 illud
1056 4210 1163 4258 autem
1187 4194 1278 4279 quod
1299 4194 1334 4256 in
1355 4191 1444 4257 Lati·
1495 4195 1572 4258 inde
1605 4194 1734 4258 etiamsi
1765 4214 1834 4259 non
1852 4193 1969 4260 volunt
1992 4199 2188 4262 confirmare
2209 4193 2486 4281 applicationem,

462 4305 506 4350 no
530 4282 668 4349 Canone
689 4283 835 4367 ponitur,
854 4279 964 4345 oilerri
982 4279 1048 4346 boc
1066 4278 1288 4370 sacrificium,
1305 4287 1342 4343 ut
1358 4279 1443 4342 redi·
1495 4279 1558 4343 sed
1591 4290 1717 4343 tantum
1749 4280 1795 4346 ita
1815 4283 1979 4363 prodesse
2007 4278 2190 4366 exemplum
2208 4294 2367 4361 causant,
2404 4289 2486 4371 quia

462 4381 593 4435 mantur
614 4369 680 4433 vivi
702 4380 735 4432 et
757 4368 888 4445 mortui,
911 4386 1073 4450 nusquam
1097 4366 1203 4429 estin
1227 4364 1357 4428 Gracco
1381 4362 1444 4428 Ca·
1496 4361 1638 4451 populus
1660 4366 1866 4444 admonetur,
1888 4379 1924 4431 ut
1946 4368 2070 4453 cogitet
2092 4369 2135 4433 de
2156 4368 2317 4453 passione
2340 4366 2485 4453 Christi,

462 4476 561 4522 none.
604 4453 844 4538 Repudiandus
876 4463 929 4516 est
957 4454 1057 4537 igitur
1085 4450 1223 4514 Latinus
1244 4446 1377 4529 Canon,
1409 4450 1444 4513 ia
1496 4467 1604 4516 tamen
1628 4448 1705 4535 plus
1730 4463 1827 4516 nocet
1848 4452 1914 4517 boe
1935 4450 2179 4537 spectaculum,
2206 4454 2284 4538 quia
2305 4454 2340 4518 in
2362 4454 2485 4525 lllissis

463 4563 529 4628 qun
550 4542 689 4605 traditur
709 4538 900 4625 applicatio,
919 4549 1036 4602 contra
1059 4538 1243 4601 doctrinam
1265 4536 1307 4599 de
1319 4535 1444 4600 sacrifi·
1496 4536 1671 4620 Papisticis
1703 4534 1793 4602 haud
1828 4539 1926 4603 dubie
1959 4536 2049 4605 multi
2074 4537 2250 4607 lex.inest
2269 4536 2485 4625 idololatria,

462 4629 514 4694 cio
538 4625 673 4705 Christi,
695 4638 727 4691 et
749 4629 791 4691 de
812 4626 935 4690 iustitia
958 4624 1052 4688 fideit
1074 4634 1108 4686 et
1128 4618 1326 4687 insunt‘alia
1343 4643 1444 4707 quae·
1495 4642 1599 4708 quare
1619 4619 1762 4707 populus
1784 4623 1831 4690 ibi
1851 4625 1997 4710 adigitur
2029 4562 2073 4690 al
2095 4621 2339 4690 idololatricam
2360 4628 2486 4697 adom.

462 4714 538 4778 dum
560 4714 719 4791 absurda,
743 4713 865 4776 mentio
888 4708 1137 4776 intercessionis
1156 4720 1357 4772 sanctorum.
1401 4707 1444 4771 Et
1495 4710 1637 4774 tionem:
1660 4708 1745 4772 Nam
1768 4708 2020 4776 Sacramentum
2041 4722 2136 4776 extra
2156 4731 2254 4775 usum
2276 4712 2483 4794 institutum,

462 4800 632 4864 Sacerdos
656 4820 732 4863 cum
754 4799 843 4862 dieat
864 4818 903 4862 se
925 4796 1045 4861 oiicrre
1067 4792 1183 4870 filium
1205 4792 1281 4872 Dei,
1305 4795 1386 4879 petit
1409 4803 1444 4857 ut
1495 4815 1560 4859 nou
1595 4805 1648 4858 est
1669 4796 1931 4860 Sacramentum.
1976 4796 2069 4861 llaec
2101 4796 2266 4861 sententia
2299 4801 2486 4865 verissima

461 4884 587 4951 oblatio
619 4883 705 4947 haec
736 4884 873 4969 perinde
894 4881 1043 4969 placeat,
1064 4890 1101 4945 ut
1122 4881 1321 4946 sacrificium
1343 4876 1442 4943 Abel.
1495 4896 1557 4945 est.
1602 4879 1679 4944 ldeo
1703 4893 1868 4964 optamus,
1890 4894 1927 4945 ut
1948 4878 2106 4948 liberetur
2128 4879 2283 4948 Ecclesia
2306 4886 2351 4949 ah
2376 4885 2486 4952 idolo·

460 4971 554 5038 llaec
576 4967 716 5036 confusa
737 4982 772 5035 et
792 4972 953 5036 inerudite
976 4971 1019 5034 ab
1041 4967 1175 5031 indocto
1197 4963 1442 5052 aliquocunge·
1495 4963 1609 5045 latria,
1642 4976 1675 5055 et
1696 4968 1766 5031 veri
1789 4964 1896 5041 cultus
1919 4970 2142 5047 restituantur,
2175 4978 2314 5054 propter
2337 4967 2486 5062 gloriam

461 5070 515 5123 sta
547 5069 697 5142 apparet,
730 5068 763 5122 et
794 5076 881 5140 opus
913 5056 1039 5120 hahere
1072 5053 1302 5117 emendatione
1325 5072 1442 5116 omnes
1494 5051 1557 5122 Dei
1579 5063 1612 5118 et
1633 5048 1774 5117 salutern
1795 5050 1919 5138 populi.

461 5146 582 5210 eruditi
604 5139 801 5229 intelligunt.
846 5143 898 5207 ric
919 5139 1072 5226 proiecto
1094 5136 1369 5223 reprehendenda
1391 5149 1443 5203 est
1670 5211 1681 5230 ι

460 5229 703 5316 Episcoporum
724 5225 940 5316 negligentia,
955 5230 1017 5312 'qui
1039 5236 1089 5290 tot
1110 5222 1247 5304 seculis,
1264 5245 1338 5289 curn
1353 5225 1442 5290 vide·
1854 5225 1900 5311 τῷ
1918 5226 1989 5312 θεῷ
2010 5223 2094 5304 δόξαὋ

461 5328 537 5383 rent
568 5313 763 5383 manifestos
795 5334 875 5381 esse
896 5313 1078 5379 hlissarum
1109 5314 1237 5377 abusus
1270 5308 1443 5396 plurimos,
