5892 6709
475 625 538 693 183
971 655 983 674 ·
1095 626 1208 692 PillL.
1231 623 1336 693 MEL.
1359 624 1547 693 sctum
1567 624 1847 693 Douttartcn.
2414 633 2481 702 184

471 812 513 878 lis
535 815 671 879 morbis.
703 811 777 879 Hoc
797 826 964 879 certamen
986 826 1039 878 est
1060 834 1140 879 vere
1161 814 1361 896 poenitentia
1377 815 1448 899 pio·
1499 813 1705 899 Baptismum
1736 824 1864 879 tanturn
1896 833 1974 879 csse
2005 825 2117 881 notmn
2147 813 2371 901 professionis
2396 839 2481 908 argu

471 921 556 978 rum,
578 902 610 964 in
633 920 700 984 qua
722 902 843 965 crescit
865 902 993 963 novitas
1017 899 1216 983 spiritualis,
1249 911 1283 963 et
1305 901 1448 984 concipi·
1499 897 1659 963 homines.
1703 897 1816 973 Quare
1853 899 1898 982 pil
1931 900 2053 965 debent
2097 919 2177 965 esse
2207 902 2403 990 vigilantes,
2434 927 2481 975 ne

471 997 571 1052 untur
593 987 672 1048 novi
694 996 728 1048 et
754 986 961 1049 ardentiores
985 997 1094 1049 nictus
1115 983 1327 1071 spirituales,
1360 986 1449 1050 sicut
1499 984 1585 1050 haec
1627 985 1738 1067 opinio
1781 985 1911 1051 animos
1954 1004 2089 1050 eorum·
2110 999 2263 1072 occupet.
2327 994 2481 1060 statuant

469 1072 576 1155 inquit
599 1068 737 1135 Paulust
781 1069 936 1135 Exterior
961 1084 1076 1133 noster
1096 1069 1196 1133 homo
1219 1071 1447 1154 corrumpitur,
1499 1081 1610 1134 autem
1642 1079 1796 1148 econtra,
1825 1069 2031 1153 Baptismum
2064 1089 2142 1136 esse
2174 1074 2397 1142 testimonium
2417 1089 2481 1144 vo·

471 1157 531 1220 sed
554 1156 690 1220 interior
712 1168 902 1220 renovatur.
926 1154 967 1219 Et
989 1156 1032 1219 'ad
1054 1154 1295 1220 colossenses:
1319 1154 1447 1221 induite
1499 1153 1637 1220 luntatis
1667 1153 1731 1218 Dei
1752 1174 1835 1240 erga
1856 1175 1932 1232 nos,
1953 1167 1986 1220 et
2007 1155 2058 1220 sic
2080 1157 2210 1223 discant
2229 1160 2279 1224 nti
2299 1160 2479 1247 Baptismo

469 1261 592 1306 novum
611 1241 786 1319 hominem,
809 1243 865 1324 qui
886 1252 1066 1304 renovatur
1089 1243 1257 1328 agnitione
1268 1239 1331 1305 Dei
1353 1250 1388 1304 et
1403 1241 1447 1305 ad
1499 1259 1581 1327 erga
1602 1238 1722 1304 Deum.
1766 1239 1905 1312 Quoties
1926 1241 2086 1319 invocas,
2109 1244 2221 1330 cogita
2241 1244 2351 1310 Deum
2372 1255 2479 1313 teau-

470 1326 647 1412 imaginem
669 1328 753 1403 eius,
776 1327 829 1411 qui
854 1328 1000 1390 condidit
1026 1347 1110 1390 eum.
1154 1326 1197 1389 Et
1218 1326 1260 1390 ad
1284 1324 1447 1390 Corinthi·
1498 1333 1567 1389 tum
1595 1342 1674 1388 esse
1705 1327 1738 1390 in
1760 1324 1953 1411 Baptismo‚
1987 1327 2078 1411 quod
2098 1347 2180 1393 vere
2200 1341 2234 1394 te
2255 1333 2422 1416 receperit
2442 1332 2479 1398 in

427 1421 438 1438 ⁸
471 1431 526 1476 os:
550 1412 745 1477 ineundam
767 1412 940 1497 imaginem
963 1408 1237 1477 transformamur
1259 1408 1446 1497 ogleriain
1497 1409 1649 1558 fratiam,
1672 1410 1760 1494 quod
1779 1430 1859 1474 vere
1880 1409 1960 1475 velit
1978 1413 2036 1476 tibi
2057 1412 2238 1497 ignoscere
2263 1428 2404 1501 propter
2424 1415 2479 1481 Pi·

470 1493 621 1583 gloriam,
1511 1496 1588 1573 ium,
1610 1514 1691 1559 vere
1707 1493 1788 1560 velit
1809 1507 1844 1560 te
1865 1497 2038 1569 exaudire,
2072 1517 2152 1563 vere
2173 1497 2254 1564 velit
2275 1510 2310 1564 te
2330 1500 2480 1567 sancdli·

1498 1599 1577 1644 care
1599 1580 1871 1663 Spiritusancto.
1916 1580 1952 1645 ld
1974 1592 2116 1646 testatos
2139 1594 2192 1648 est
2213 1583 2278 1649 hoc
2301 1587 2419 1671 signo,
2442 1588 2480 1652 in

1521 1686 1564 1729 uo
1597 1666 1779 1749 paciscitur
1810 1666 2003 1743 nobiscum,
2040 1686 2079 1732 sc
2110 1669 2208 1734 nohis
2229 1668 2376 1735 futorum
2396 1691 2480 1738 csse

1530 1770 1615 1828 cum,
1633 1747 1837 1815 salvatorem
1860 1762 1893 1814 et
1915 1750 2156 1834 opitulatorem.
2200 1747 2312 1839 Atque
2331 1756 2378 1820 ita
2391 1755 2480 1824 Pan·

704 1840 779 1921 DE
810 1839 1216 1925 SAORAMENTIS,
1252 1865 1257 1872 ·
1495 1833 1549 1900 lus
1572 1837 1614 1899 de
1634 1834 1806 1918 Baptismo
1827 1833 1991 1920 loquitur,
2021 1847 2095 1901 cnm
2117 1850 2215 1905 vocat
2231 1836 2403 1908 lavacrum
2424 1861 2480 1908 re·

654 1974 763 2078 Quid
808 1989 871 2061 est
915 1976 1247 2062 Sacramentum?
1495 1919 2479 2090 {ghefrid'ddftsesgudo‘tldffd‘)pidaszsidiftffdrfdpffifnf

1496 2092 1570 2155 hus.
1617 2090 1701 2155 Sunt
1723 2092 1822 2177 igitur
1843 2090 1981 2156 effectus
2003 2094 2156 2177 baptismi
2180 2096 2331 2160 remissio
2353 2117 2476 2180 pecca·

552 2173 693 2259 Proprie
726 2185 778 2238 est
805 2176 991 2239 ceremonia
1018 2177 1050 2238 in
1074 2172 1258 2261 Evangelio
1283 2174 1443 2261 instituta,
1495 2187 1615 2254 torum,
1639 2188 1672 2240 et
1683 2176 1815 2241 donatio
1828 2176 1972 2261 Spiritus
1994 2180 2113 2256 sancti,
2134 2180 2221 2243 sicut
2236 2192 2378 2246 testatur
2389 2183 2477 2248 Pan·

422 2271 424 2275 '
469 2260 522 2325 cui
543 2270 596 2324 est
616 2260 728 2325 addita
748 2262 924 2346 promissio
946 2257 1129 2346 Evangelii.
1495 2258 1549 2325 lus
1567 2259 1690 2344 Ephes.
1712 2260 1744 2323 5.
1767 2257 1933 2330 Mundans
1956 2283 2029 2326 earn
2046 2261 2183 2328 lavacro
2205 2268 2476 2350 aquaeinvarho
2536 2260 2541 2268 ’

1189 2382 1191 2385 -
1495 2348 1596 2424 vitae,
1620 2359 1657 2410 ut
1679 2345 1851 2411 exhiberet
1873 2366 1948 2411 eam
1971 2346 2155 2432 gloriosam
2176 2363 2241 2413 ete.
2286 2351 2394 2417 Porro
2416 2354 2475 2417 adi

1495 2428 1553 2495 ulti
1573 2431 1700 2495 discant
1722 2433 1942 2496 exercendam
1963 2452 2040 2497 esse
2059 2432 2157 2498 fidem
2169 2436 2399 2501 recordatione
2417 2439 2475 2503 he·

826 2518 939 2621 Qum
961 2519 1080 2603 sunt?
1494 2517 1616 2599 ptismi,
1638 2518 1715 2600 quia
1740 2536 1881 2581 necesse
1904 2528 1957 2582 est
1978 2519 2020 2581 ud
2043 2530 2253 2584 sacramenta
2275 2519 2472 2588 fidemaddi.

1495 2600 1634 2684 Semper
1663 2603 1762 2686 igitur
1794 2603 1977 2684 baptismus
2000 2604 2100 2667 debet
2122 2605 2219 2667 nobis
2248 2608 2473 2672 testimonium

1495 2706 1572 2750 esse
1595 2683 1774 2750 voluntatis
1796 2685 1860 2751 Dei
1883 2707 1966 2773 erga
1986 2708 2062 2764 nos,
2085 2710 2152 2773 quo
2174 2691 2331 2754 admoniti
2356 2693 2471 2757 creda·

550 2768 628 2833 Tria
649 2781 741 2834 recte
762 2780 989 2846 numerantur,
1021 2767 1228 2851 Baptismus,
1251 2763 1440 2843 Absolutio‚
1494 2783 1568 2834 ntus
1590 2790 1653 2834 nus
1677 2792 1755 2835 vere
1777 2792 1797 2835 a
1820 2772 1893 2835 Deo
1917 2785 2071 2856 receptos
2094 2794 2189 2851 esse,
2212 2794 2292 2839 vere
2315 2777 2472 2841 donatam

466 2853 580 2920 Coena
602 2855 744 2942 Domini.
778 2854 968 2939 Baptisums
992 2866 1043 2916 est
1065 2855 1229 2916 immersio
1253 2854 1284 2914 in
1308 2873 1440 2936 uquam,
1494 2875 1572 2919 esse
1593 2854 1731 2920 salutem
1754 2871 1890 2941 propter
1901 2856 2082 2937 Christum,
2106 2877 2187 2924 vere
2208 2860 2489 2929 sanctiticatam·

465 2961 552 3026 quae
574 2942 610 3005 lit
632 2963 706 3006 cum
729 2938 793 3004 hac
816 2940 1007 3004 admiranda
1031 2940 1278 3001 benedictione:
1298 2936 1372 3022 Ego
1386 2939 1441 3000 ha·
1492 2940 1599 3007 iuvari
1621 2963 1642 3006 a
1663 2942 1788 3024 Spiritu
1805 2953 1934 3007 sancto.

488 3027 550 3089 tiso
574 3038 605 3089 te
629 3028 660 3090 in
679 3026 940 3103 nominarat-ts,
963 3036 995 3088 et
1007 3022 1091 3102 Filii,
1112 3039 1144 3087 et
1156 3024 1298 3107 Spiritus
1321 3022 1440 3086 sancti.

462 3049 505 3175 St
527 3113 569 3175 ad
616 3113 668 3175 uid
693 3110 750 3174 fiat
774 3113 967 3192 latptismus,
990 3109 1075 3172 haec
1097 3113 1170 3194 ipsa
1192 3109 1295 3191 verbe
1317 3105 1442 3192 siguifi-

464 3208 552 3262 eant.
626 3210 658 3260 st
680 3199 764 3261 enim
787 3197 970 3258 sententia:
1011 3194 1084 3280 Ego
1110 3196 1260 3258 minister
1285 3193 1441 3256 rnattdato

463 3284 574 3348 divino
593 3281 657 3344 hac
680 3282 867 3345 ceremonia
889 3293 1005 3357 testor,
1027 3281 1197 3363 quodiam
1217 3274 1442 3341 illeDeusrc-
1662 3268 1817 3355 Suntne
1848 3268 2021 3353 infantes
2051 3273 2313 3384 baptisandj?

464 3369 564 3450 cipiet
585 3379 618 3430 te
640 3368 672 3430 in
695 3368 845 3452 gratiam,
868 3368 922 3512 (pri
946 3379 997 3429 est
1020 3364 1134 3441 Pater,
1160 3360 1261 3427 Filius
1285 3375 1318 3426 et
1338 3362 1441 3447 Spiri·
2239 3401 2247 3414 ,

362 3506 364 3510 ,
463 3466 517 3518 tus
539 3465 687 3527 sanctus,
712 3464 745 3515 et
768 3453 817 3515 sie
840 3462 911 3516 vut
934 3451 1073 3534 agnosci
1096 3462 1129 3513 et
1149 3448 1318 3525 invocari,
1351 3447 1440 3533 quud

462 3548 598 3622 propter
636 3535 754 3599 Filium
793 3549 825 3600 te
870 3538 1023 3618 recipiat,
1066 3546 1098 3599 et
1138 3535 1263 3618 Spiritu
1319 3543 1439 3596 sancto
1579 3534 1797 3620 Respondes,
1822 3535 2004 3600 infantihus
2028 3538 2222 3619 baptismum
2244 3541 2472 3607 necessarlum

462 3636 496 3686 te
518 3620 718 3698 sanctificet,
742 3634 774 3683 et
796 3622 840 3682 sit
858 3622 914 3684 tihi
928 3617 1159 3704 opitulaturos,
1181 3632 1213 3682 et
1226 3616 1441 3683 inchoaturus
1493 3640 1582 3697 esse,
1604 3623 1682 3705 quia
1701 3620 1891 3686 Mandatum
1910 3620 2034 3686 Christi
2058 3635 2111 3687 est
2132 3623 2335 3703 universale,
2358 3623 2471 3692 iehan.

461 3709 495 3771 in
530 3720 563 3772 te
596 3727 716 3772 novam
738 3717 771 3769 et
793 3718 959 3769 aeternam
989 3707 1102 3768 vitam:
1126 3705 1174 3768 lta
1195 3706 1227 3766 in
1250 3703 1303 3766 his
1326 3704 1440 3766 verbis
1493 3706 1524 3770 3.
1547 3706 1620 3769 Nisi
1643 3707 1717 3791 quis
1741 3718 1877 3771 renatus
1899 3704 1998 3771 fuerit
2021 3727 2102 3771 exa
2130 3730 2172 3772 ua
2194 3721 2228 3773 et
2249 3712 2473 3793 spiritu,non

463 3791 703 3877 comprehensa
727 3800 778 3855 est
795 3791 984 3874 promissio,
1008 3803 1042 3853 et
1060 3810 1186 3853 sunnna
1200 3785 1384 3873 Evangelii,
1408 3798 1441 3851 et
1492 3802 1604 3875 potest
1625 3792 1751 3876 ingredi
1775 3793 1807 3855 in
1831 3813 1969 3877 regnum
1991 3791 2071 3871 Dei,
2104 3730 2195 3877 Srgo
2222 3798 2321 3860 etiam
2342 3795 2472 3862 infanti·

462 3881 531 3943 veti
556 3875 662 3942 cultus
685 3878 881 3959 descriptio,
914 3895 999 3960 quae
1022 3876 1179 3939 discernit
1201 3894 1265 3937 nos
1284 3894 1305 3937 a
1327 3873 1441 3937 Genti·
1493 3878 1556 3941 hus
1586 3896 1670 3960 opus
1698 3889 1750 3940 est
1772 3879 1951 3959 baptismo,
1985 3890 2021 3941 ut
2044 3876 2226 3945 salventur.
2272 3881 2366 3946 Haec
2387 3885 2472 3948 ratio

461 3968 524 4039 hus
548 3975 580 4028 et
603 3963 749 4042 ludaeis,
783 3964 838 4047 qui
862 3983 927 4025 non
946 3962 1103 4024 invocant
1125 3960 1232 4023 Deum
1255 3980 1315 4043 per
1337 3955 1440 4022 filium
1492 3962 1591 4025 ducta
1613 3984 1654 4026 ex
1676 3960 1857 4026 universali
1880 3965 2044 4026 sententia
2066 3961 2229 4029 satisfacit
2251 3968 2334 4049 pits,
2369 3980 2408 4031 ct·
2426 3980 2473 4032 tc·

460 4049 692 4128 Mediatorem,
726 4068 834 4133 neque
867 4059 1055 4132 agnoscunt
1087 4046 1244 4129 Spiritum
1278 4055 1438 4108 sanetum.
1491 4048 1602 4111 nenda
1624 4058 1676 4110 est
1698 4049 1860 4111 adversus
1883 4047 2046 4112 fortaticos
2071 4048 2239 4130 homines,
2272 4053 2328 4135 qui
2350 4052 2473 4135 impro-

460 4135 574 4208 Quare
595 4136 679 4200 haee
702 4137 804 4201 vet-ha
823 4152 954 4217 semper
975 4134 1042 4195 sint
1067 4133 1163 4195 nohis
1186 4132 1218 4194 in
1244 4142 1438 4211 conspectu,
1492 4133 1571 4195 hant
1602 4134 1800 4216 baptismum
1832 4131 2011 4198 infantium.
2065 4134 2151 4198 Sunt
2180 4148 2214 4200 et
2247 4133 2344 4219 plura
2371 4158 2473 4224 argu·

461 4241 593 4306 semper
615 4234 772 4302 personet
794 4220 890 4283 nobis
913 4220 1100 4282 inauribus
1120 4212 1438 4360 haeevoxDeina-
1491 4229 1600 4281 menta
1621 4213 1713 4281 utilia
1735 4218 1958 4282 conscientiis.

411 4337 413 4342 ·
462 4308 617 4371 ciscentis
640 4307 825 4381 nobiscum,
845 4306 934 4389 quod
959 4323 1036 4366 vere
1060 4300 1140 4365 velit
1162 4302 1259 4364 nohis
1277 4317 1354 4363 esse
1406 4319 1438 4362 e·

461 4411 514 4468 ut,
536 4413 615 4456 vere
638 4390 717 4454 velit
739 4389 812 4453 Filii
834 4388 1029 4454 beneficium
1052 4401 1085 4451 et
1108 4386 1264 4469 Spiritum
1287 4395 1438 4447 sanctum
1644 4353 1750 4417 ΝΜΟ
1773 4351 1925 4418 ⁸³¹V³i¹¹f
1947 4365 2041 4420 ema
2060 4352 2260 4430 E⁰⁰¹⁰⁵l⁰¹¹¹2

334 4531 348 4542 ,
461 4478 558 4540 nohis
580 4477 754 4559 impertiti,
786 4496 866 4540 vere
895 4486 988 4538 curet
1011 4483 1043 4536 et
1066 4472 1219 4536 exattdiot
1241 4473 1328 4533 nos.
1360 4469 1437 4533 ideo
1644 4485 1791 4554 lnfames
1808 4488 1910 4575 aliqui
1934 4502 2012 4555 sunt
2033 4489 2197 4571 salvandi,

460 4563 580 4627 Petrus
614 4562 703 4637 dicit,
737 4562 941 4645 Baptismum
976 4578 1052 4623 esse
1074 4571 1205 4642 paetum
1229 4557 1336 4620 honac
1359 4576 1438 4618 eon·
2082 4628 2091 4649 .

462 4647 620 4713 scientiae
638 4667 719 4733 erga
741 4646 860 4724 Deum,
881 4648 914 4710 id
937 4656 999 4723 est,
1022 4644 1072 4708 sic
1089 4643 1260 4714 sentientis
1284 4643 1325 4706 tle
1347 4639 1434 4718 Deo,
1643 4624 1735 4713 Eig0
1757 4646 1901 4691 necis-50
1925 4640 1976 4692 esi
1998 4649 2059 4693 00⁸
2081 4640 2227 4694 ”melios
2250 4649 2328 4695 esse
2349 4629 2471 4701 Eccle-

462 4735 552 4819 quod
575 4752 653 4797 vere
675 4753 738 4795 nos
762 4733 924 4816 receperit
944 4743 1079 4814 propter
1097 4726 1233 4807 Filimu,
1266 4745 1347 4792 vere
1372 4745 1436 4790 nos
1498 4781 1501 4788 .
1694 4713 1784 4789 ⁸1⁰0,
1806 4723 1839 4776 ei
1860 4710 2019 4796 applicari
2040 4715 2089 4778 eis
2111 4715 2250 4799 ptimum
2272 4715 2471 4784 Sacramen-

461 4820 525 4884 iam
547 4829 641 4884 earet
663 4827 694 4881 et
716 4820 879 4883 exattdiat.
1696 4807 1776 4860 tum.

1575 4930 1684 4997 Maior
1705 4944 1756 4995 est
1777 4929 1969 5011 manifesta,
1991 4935 2069 5018 quia
2089 4935 2146 4999 uhi
2166 4955 2233 4999 non
2256 4947 2308 5000 est
2329 4939 2470 5003 verbum

1489 5014 1565 5093 Dei,
1588 5027 1645 5080 aut
1662 5017 1926 5098 Sacramentum,
1947 5019 1993 5083 ihi
2015 5040 2083 5085 non
2106 5021 2202 5086 datur
2224 5019 2368 5107 Spiritus
2390 5042 2469 5088 son·

575 5141 578 5145 .
626 5143 727 5249 Quis
758 5156 820 5228 est
849 5145 1015 5227 effeetus
1045 5142 1269 5255 Baptismi?
1490 5111 1575 5179 ctus,
1598 5102 1675 5186 quia
1696 5104 1793 5168 datur
1815 5124 1875 5190 per
1897 5106 2034 5169 verbum
2057 5116 2091 5170 et
2113 5106 2341 5174 Sacramenta·

1574 5235 1684 5302 Minor
1706 5241 1803 5304 etiam
1826 5237 2001 5305 manifesta
2023 5250 2086 5320 cst,
2109 5240 2352 5328 quiaChristus
2374 5241 2468 5310 clarc

1488 5325 1679 5408 pronuntiat
1707 5326 1749 5389 de
1774 5323 1955 5391 infantibus
1984 5328 2019 5391 in
2040 5326 2165 5412 populo
2186 5325 2290 5393 Deit'
2314 5328 2390 5394 Non
2414 5339 2468 5394 cst

547 5412 692 5480 Prorsus
727 5410 887 5497 extinguit
918 5430 1014 5475 usum
1046 5410 1205 5492 Baptismi
1249 5409 1438 5494 pemielosa
1488 5405 1644 5473 voluntas
1668 5407 1794 5489 Patris,
1821 5423 1858 5477 ut
1885 5425 2002 5515 pereat
2027 5432 2114 5478 nnus
2144 5415 2186 5479 de
2207 5411 2358 5499 parvulis
2379 5416 2465 5479 istis.

380 5517 385 5526 ·
462 5511 497 5568 ct
528 5495 672 5566 fanatico
703 5500 813 5583 opinio
846 5494 1084 5582 plurimorum,
1129 5515 1215 5580 quae
1241 5495 1439 5582 imaginatur
1489 5491 1573 5558 Cum
1594 5494 1693 5581 igitur
1715 5507 1863 5576 testatur,
1884 5494 2027 5563 infantes
2049 5495 2125 5566 illos
2147 5496 2264 5565 salros
2285 5498 2376 5578 ficri,
2408 5497 2464 5584 qni
