5892 6709
460 610 527 678 ets
644 593 648 600 ’
1084 608 1195 675 emm
1216 609 1321 676 orsu
1343 609 1530 677 scauvm
1550 609 1831 700 poemenen
2409 614 2478 682 uso

460 802 575 865 siones
595 796 761 882 lapsuum,
783 799 873 862 iuxta
894 796 1034 862 dictumz
1057 797 1121 870 Qui
1133 808 1224 862 amat
1242 797 1438 882 periculum,
1575 794 1675 881 Nego
1707 798 1980 882 consequentiam
2013 810 2064 863 et·
2080 801 2165 866 ratio
2199 809 2264 879 est,
2297 800 2385 875 Quia
2406 822 2477 870 non

506 886 583 950 ribit
614 886 648 949 in
680 903 733 949 eo.
778 884 878 962 item,
911 880 1281 963 Aconmtaambulate,
1314 904 1380 949 non
1402 893 1441 949 ut
1492 884 1647 966 congruit
1670 879 1857 965 exemplum
1868 882 1960 948 Fidei
1972 881 2177 948 Daemonum
2200 886 2384 966 adFidem,
2431 907 2500 956 ua·

509 973 555 1036 ui.
597 968 641 1034 Et
668 968 830 1035 Ptuverb.
852 968 906 1034 30.
929 968 1037 1034 Omne
1065 971 1204 1034 verbum
1225 967 1290 1034 Dei
1316 989 1439 1056 purga·
1453 1005 1459 1037 ,ι
1490 966 1709 1057 iustificantur
1729 964 1891 1046 homines,
1912 969 1974 1032 sed
1995 968 2121 1033 infinita
2133 968 2316 1036 differentia
2327 985 2388 1039 est.
2407 908 2479 1040 dfi-

461 1069 532 1123 tum
555 1054 697 1141 clypeus
726 1068 779 1119 est
804 1056 1016 1139 sperantibus
1042 1055 1076 1119 iu
1098 1056 1217 1137 ipsum.
1261 1053 1304 1119 Et
1325 1053 1440 1119 Domi·
1491 1050 1564 1129 des,
1582 1049 1691 1136 qualis
1714 1064 1767 1115 est
1787 1054 1820 1116 in
1833 1051 1998 1131 Diabolis,
2020 1068 2073 1119 est
2094 1054 2219 1134 mutila,
2241 1057 2320 1142 quid
2340 1058 2406 1124 etsi
2423 1071 2479 1126 est

461 1161 526 1207 nus
548 1143 669 1226 inquit:
691 1140 804 1218 Orate,
821 1161 864 1204 ne
884 1140 1013 1205 intretis
1035 1140 1312 1209 intentationem.
1356 1140 1440 1204 (lum
1493 1149 1585 1199 certa
1606 1137 1722 1200 notitia
1743 1134 1914 1217 historiae,
1925 1138 2042 1225 Legis,
2059 1142 2141 1222 irae,
2157 1153 2190 1205 et
2200 1144 2331 1207 venturi
2349 1144 2479 1225 iudicii,-

328 1271 330 1276 -
461 1229 563 1311 igitur
573 1223 699 1291 Paulus
721 1226 840 1311 inquit:
862 1226 898 1292 Si
910 1226 1035 1311 Spiritu
1057 1226 1206 1290 actiones
1224 1226 1335 1290 carnis
1353 1245 1440 1290 mor·
1492 1234 1603 1285 tamen
1624 1241 1691 1286 non
1714 1224 1942 1293 assentiuntur
1962 1227 2186 1310 promissioni,
2208 1228 2478 1296 cumscientDi·

462 1311 678 1387 tilicavaritis,
699 1312 831 1396 vivetis,
854 1322 1032 1395 utrumqne
1054 1312 1165 1390 docet,
1183 1310 1224 1375 Et
1235 1310 1356 1376 effundi
1368 1311 1441 1395 Spi·
1492 1303 1581 1371 aboli
1603 1326 1677 1371 eam
1697 1327 1765 1372 non
1788 1309 1953 1396 pertinere
1975 1312 2018 1376 ad
2036 1331 2126 1389 sese,
2148 1314 2210 1377 sed
2220 1325 2348 1378 tantum
2359 1315 2404 1381 ad
2415 1316 2479 1382 bn·

463 1398 561 1463 ritum
588 1408 757 1473 sanctum,
784 1396 814 1460 si
843 1416 911 1460 non
932 1415 1158 1482 repugnemus
1181 1397 1441 1462 dubitationibus
1492 1393 1611 1472 mines,
1633 1393 1723 1457 iuxta
1744 1394 1867 1458 dietum
1878 1394 2047 1482 Symbolir
2069 1396 2212 1483 Propter
2233 1399 2479 1481 nosbomines,

464 1494 498 1548 et
519 1483 631 1567 pravis
654 1480 846 1562 affectibus,
869 1492 903 1547 et
924 1484 1090 1567 quomodo
1112 1483 1364 1569 repugnandum
1384 1482 1442 1546 sit:
1493 1489 1694 1562 eapropter
1726 1490 1876 1544 nostram
1907 1480 2050 1547 salutem
2078 1483 2252 1549 descendit
2285 1485 2328 1548 de
2355 1484 2478 1553 coelis.

463 1568 622 1635 ffisoemit
642 1565 765 1651 loseph
786 1576 820 1632 et
837 1568 1033 1652 scipionem.
1322 1613 1325 1620 ,
1494 1560 1580 1634 Quia
1601 1575 1853 1630 autem-norunt
1875 1565 2021 1647 Diaboli,
2055 1590 2134 1634 vere
2157 1571 2300 1635 iudicem
2321 1590 2402 1636 esse
2420 1567 2479 1639 Fi-

669 1671 671 1676 ·
1493 1643 1573 1712 lium
1594 1648 1672 1727 Dei,
1705 1662 1739 1715 et
1770 1671 1810 1714 se
1838 1648 1969 1718 futuros
2002 1672 2081 1719 esse
2111 1655 2147 1719 in
2176 1656 2294 1759 poenis
2316 1659 2479 1738 aeternis,
2538 1709 2548 1718 ,

549 1738 660 1824 Scipio
715 1733 937 1803 ulchritudine
968 1738 1116 1816 virtutis,
1149 1757 1250 1841 quam
1279 1738 1365 1803 ratio
1392 1748 1442 1803 ut·
1493 1731 1579 1802 haec
1596 1736 1712 1800 notitia
1732 1736 1842 1802 iudicii
1864 1749 1898 1802 ct
1918 1740 2000 1817 irae,
2022 1760 2089 1825 quo
2112 1752 2235 1806 certior
2255 1751 2319 1820 est,
2342 1763 2384 1808 eo
2406 1753 2479 1810 uu·

465 1758 723 1910 conquerendi
749 1824 792 1902 't,
825 1834 994 1909 movetur,
1023 1834 1061 1888 ut
1082 1825 1247 1888 abstineat
1268 1825 1311 1888 ab
1333 1822 1442 1888 aliena
1495 1816 1661 1884 culcntius
1679 1822 1802 1902 odium,
1823 1822 2054 1889 horribiliores
2076 1824 2230 1906 dolores,
2254 1838 2287 1891 et
2308 1828 2478 1895 tristiores

465 1929 610 1995 sponsa,
643 1910 710 1973 et‘
778 1908 867 1973 actio
890 1920 942 1973 est
965 1909 1121 1994 cogitatio
1144 1910 1283 1973 rationis
1304 1905 1441 1974 frenans
1492 1902 1643 1968 fremitus
1665 1908 1831 1974 adversus
1852 1909 1974 1990 Deum,
1993 1921 2028 1974 et
2048 1912 2215 1978 adversus
2226 1910 2398 1980 Christum
2419 1934 2477 1980 ec·

400 2055 412 2078 ,
465 2005 622 2060 externos
654 2005 790 2079 gestus,
818 2014 904 2080 quae
930 2004 1040 2058 tamen
1068 2006 1236 2080 utcunque
1267 1994 1442 2060 adiuvatur
1494 1990 1615 2056 cendit.

464 2079 602 2144 heroica
632 2091 774 2144 naturae
804 2076 1027 2144 inclinatione.
1071 2079 1138 2145 Sed
1167 2078 1288 2165 loseph
1317 2080 1442 2165 cogitat
1888 2147 1893 2154 ,
2369 2109 2400 2146 ,-

461 2168 650 2230 mandatum
671 2163 749 2242 Dei,
771 2184 835 2229 nec
852 2161 924 2230 vnit
944 2162 1054 2230 Deum
1076 2164 1262 2243 offendere,
1283 2185 1347 2229 nec
1369 2162 1441 2230 vult
1581 2158 1650 2227 Sed
1678 2160 1774 2241 fides,
1798 2183 1865 2249 qua
1881 2163 1987 2231 homo
2012 2165 2220 2245 iustihcatur,
2243 2179 2298 2233 est
2318 2169 2480 2238 assentiri

461 2252 606 2316 abiicere
632 2260 841 2335 praesentem
870 2250 1029 2335 gratiam,
1061 2269 1125 2316 uec
1147 2251 1346 2315 contristere
1368 2249 1442 2334 Spi-
1480 2246 1583 2310 'omni
1606 2248 1711 2312 verbo
1727 2248 1792 2313 Dei
1814 2251 1912 2315 uobis
1934 2252 2068 2332 tradito,
2085 2265 2187 2339 atque
2208 2254 2255 2317 ite
2277 2265 2311 2318 et
2332 2258 2479 2338 promis·

460 2336 560 2400 ritum
591 2349 761 2413 sanctum,
794 2353 858 2399 uec
889 2352 1068 2399 accersere
1096 2354 1235 2418 peenas.
1284 2334 1443 2401 Abstinet
1493 2331 1581 2395 sioni
1602 2334 1739 2416 gratiae,
1763 2336 1816 2399 cui
1837 2338 2026 2401 assentiens
2049 2340 2480 2422 cernitnontantumimm,

460 2422 560 2507 igitur
591 2422 634 2485 ab
667 2418 779 2485 aliena
798 2432 935 2504 propter
955 2417 1161 2485 voluntatem
1183 2419 1261 2498 Dei,
1283 2432 1318 2485 et
1339 2417 1443 2486 refert
1493 2418 1556 2481 sed
1587 2419 1849 2492 misericordiam
1880 2435 2019 2505 propter
2040 2422 2159 2488 Filium
2191 2426 2408 2509 promissam,
2441 2439 2478 2493 et

461 2525 556 2571 suam
577 2505 813 2570 abstinentiam
833 2506 877 2570 ad
899 2503 1038 2591 gloriam
1061 2504 1138 2585 Dei,
1159 2527 1202 2571 ne
1222 2506 1318 2572 Deus
1340 2505 1442 2572 offen·
1494 2503 1679 2587 acquiescit
1701 2505 1734 2569 in
1756 2505 1830 2570 Deo
1852 2519 1989 2592 propter
2010 2507 2100 2573 hunc
2121 2507 2350 2577 llediatorem.
2393 2511 2477 2579 ideo

461 2594 570 2671 datur,
593 2601 627 2657 ει
647 2611 691 2657 ne
714 2592 866 2657 doctrina
888 2589 1060 2656 scandulis
1082 2590 1294 2657 deformetur.
1337 2590 1443 2656 Simul
1493 2588 1644 2653 addimus
1673 2587 1708 2653 in
1730 2590 1938 2671 definitione,
1972 2605 2005 2658 et
2035 2605 2091 2659 est
2111 2594 2231 2659 fiducia
2253 2598 2479 2681 acquiescens

462 2680 561 2743 etiam
594 2688 670 2742 orat
697 2696 737 2741 se
757 2678 829 2762 regi
857 2697 878 2740 a
906 2674 1000 2753 Deo,
1033 2688 1068 2742 et
1099 2679 1215 2742 statuit
1240 2697 1279 2742 se
1330 2675 1442 2742 lacere
1492 2674 1528 2737 iu
1549 2672 1624 2738 Dee
1645 2688 1783 2759 propter
1803 2675 2031 2757 blediatorem
2054 2680 2221 2746 accedens
2243 2681 2288 2745 ad
2319 2703 2407 2762 euru,
2442 2695 2480 2750 et

460 2762 551 2842 Deo,
574 2775 608 2828 et
630 2762 781 2827 exaudiri
803 2782 898 2825 suam
919 2763 1103 2827 orationem
1124 2775 1262 2849 propter
1319 2765 1442 2829 ediato·
1494 2770 1587 2823 recte
1618 2758 1780 2825 invocans
1802 2775 1837 2827 et
1859 2761 2007 2828 clanrans
2030 2766 2128 2830 Abba
2150 2777 2255 2849 pater.
2300 2766 2379 2833 ideo
2403 2788 2479 2834 sce·

461 2868 543 2914 rem.
587 2847 676 2913 Esti
701 2849 766 2912 ‘tur
786 2848 874 2912 actio
897 2846 1029 2933 loseph,
1047 2868 1115 2912 non
1136 2860 1263 2914 tantum
1285 2850 1372 2914 aetio
1390 2868 1443 2913 ra·
1493 2864 1538 2928 pe
1559 2844 1711 2925 dicimus,
1733 2846 1848 2912 Fidem
1871 2848 2048 2936 complecti
2070 2870 2187 2920 omnes
2209 2849 2369 2918 articulos
2386 2853 2479 2935 fidei,

461 2934 573 3011 tionis,
596 2934 657 2998 sed
678 2869 710 2997 l!
738 2953 869 3019 ,quam
887 2933 1001 2999 Verbo
1024 2931 1126 2999 lilius
1149 2932 1214 2999 Dei
1235 2934 1270 2999 in
1295 2929 1371 3020 ips'o
1392 2933 1443 2999 lo·
1495 2940 1528 2993 et
1558 2928 1730 2996 historiam
1762 2931 1971 2999 referendum
2003 2954 2081 3000 esse
2109 2938 2152 3002 ad
2174 2936 2263 3001 hunc
2285 2936 2477 3007 articulumr

461 3017 546 3101 seph
568 3019 733 3097 accendit,
750 3030 787 3084 ut
809 3030 965 3085 cernatur
985 3016 1141 3085 voluntas
1162 3018 1237 3098 Dei,
1266 3030 1300 3085 et
1322 3029 1375 3085 eat
1394 3021 1443 3087 iu-
1494 3011 1604 3080 Credo
1627 3019 1855 3083 remissionem
1876 3030 2102 3105 peccatorum,
2123 3019 2253 3087 scilicet
2269 3035 2479 3092 nontautum

463 3106 616 3170 cendium
638 3104 784 3171 S'iritus
805 3106 915 3170 sancti
936 3105 971 3169 in
993 3106 1107 3183 corde,
1129 3125 1196 3191 quo
1217 3116 1370 3171 movetur
1391 3103 1443 3168 lo·
1494 3095 1569 3165 aliis
1603 3102 1686 3180 dari,
1718 3104 1780 3168 sed
1812 3103 1890 3169 mibi
1922 3125 2064 3191 quoque.
2109 3106 2203 3171 Haec
2230 3107 2315 3173 fides
2338 3109 2372 3173 in
2393 3131 2479 3177 vera

462 3189 563 3277 seph,
584 3202 623 3256 ut
644 3126 779 3257 odedire
799 3189 892 3271 Deo,
925 3201 960 3256 at
980 3189 1207 3277 confirmatur,
1228 3211 1272 3256 ne
1292 3189 1444 3275 pericula
1495 3184 1726 3252 consolatione
1746 3204 1868 3275 magna
1888 3187 1981 3256 lucta
2002 3192 2105 3256 vincit
2126 3193 2349 3259 dubitationes
2365 3207 2479 3263 ettre·

461 3278 687 3364 pertimescat.
1494 3273 1682 3355 pidationes
1702 3275 1834 3357 animae
1857 3272 2015 3362 fugientis
2027 3275 2148 3350 Deum,
2173 3280 2303 3364 deque
2325 3278 2419 3346 lucta
2430 3282 2477 3347 di·

1494 3359 1540 3422 cit
1561 3354 1715 3423 Psalmus
1747 3360 1801 3423 41.
1846 3361 2131 3434 Quemadmodum
2156 3383 2277 3428 cervus
2307 3366 2478 3433 desiderat
2552 3365 2557 3377 '

548 3445 642 3513 llaec
681 3447 793 3512 omnia
824 3443 1056 3532 complectitur
1087 3443 1232 3524 Paulus,
1273 3466 1348 3513 cum
1380 3446 1440 3511 ait:
1493 3445 1538 3508 ad
1558 3439 1669 3508 fontes
1690 3466 1864 3530 aquarum,
1887 3447 1934 3510 ita
1955 3448 2124 3513 desiderat
2145 3450 2253 3513 anima
2274 3470 2349 3515 mea
2376 3452 2421 3515 ad
2443 3463 2477 3517 te

462 3530 588 3616 Spiritu
620 3531 831 3610 mortificate,
865 3533 961 3617 quasi
982 3534 1088 3611 dicat,
1114 3551 1183 3597 non
1210 3529 1286 3597 sola
1312 3532 1443 3597 ratione
1494 3528 1600 3594 Deus.
1645 3529 1758 3602 Quare
1780 3533 1886 3597 tristis
1909 3552 1947 3597 es
1970 3534 2079 3597 anima
2095 3536 2193 3601 meai
2216 3554 2318 3620 spera
2340 3534 2478 3617 inDeo,

461 3615 603 3695 frenate,
620 3617 683 3681 sed
704 3615 819 3681 Verbo
836 3615 901 3680 Dei
924 3628 958 3681 et
979 3616 1104 3701 Spiritu
1125 3629 1243 3681 sancto
1266 3619 1442 3682 cordaru-
1493 3616 1649 3762 {panoniam
1669 3617 1781 3683 adhuc
1802 3615 1990 3682 confitebor
2011 3620 2053 3682 ei.
2075 3617 2118 3683 Et
2141 3622 2174 3684 in
2196 3619 2261 3687 hac
2283 3619 2475 3704 ipsalucte,

463 3713 544 3790 gant
565 3703 716 3767 actiones
735 3701 863 3779 carnis,
885 3703 1008 3779 idest,
1031 3702 1254 3767 dubitationes
1276 3714 1311 3766 et
1332 3713 1441 3767 motus
1521 3698 1596 3764 ilius
1619 3697 1684 3766 Dei
1716 3704 1850 3789 agnitus
1883 3704 1917 3767 in
1938 3701 2053 3769 Verbo
2085 3703 2211 3786 vocali,
2245 3708 2326 3772 dicit
2354 3728 2477 3775 conse·

462 3789 495 3853 in
513 3789 628 3866 corde,
650 3808 738 3873 quos
760 3789 888 3851 erudite
909 3788 1057 3852 nominat
1077 3789 1240 3867 actionus,
1261 3798 1309 3865 ut,
1331 3784 1443 3872 aliqua
1493 3781 1651 3849 lationem
1681 3788 1717 3851 in
1740 3789 1861 3865 eorde,
1895 3800 1927 3853 et
1950 3789 2093 3854 ostendit
2113 3789 2248 3856 Patrem
2269 3804 2303 3857 et
2324 3791 2477 3859 volunta·

462 3874 617 3939 assensio
652 3884 686 3937 et
714 3870 892 3938 delectatio
920 3870 1019 3937 simul
1043 3873 1186 3958 rapitur,
1220 3873 1282 3938 sed
1313 3872 1380 3937 fide
1409 3883 1444 3937 ει
1494 3884 1559 3935 tem
1578 3871 1661 3952 eius,
1683 3874 1770 3937 sicut
1791 3874 1912 3958 inquitz
1941 3874 2047 3939 Nemo
2069 3878 2161 3941 novit
2182 3878 2314 3942 Patrem
2336 3880 2403 3944 nisi
2423 3878 2476 3945 Fi·

462 3959 589 4045 Spiritu
621 3969 760 4038 sancto,
792 3959 939 4024 retinens
971 3956 1220 4024 iirndumeutum
1253 3969 1288 4023 et
1317 3961 1442 4024 bonam
1483 3954 1570 4034 lius,
1593 3967 1626 4020 et
1647 3960 1701 4024 cui
1722 3956 1865 4024 voluerit
1886 3956 1987 4024 filius
2010 3959 2171 4039 revelare,
2194 3973 2227 4026 et
2249 3964 2306 4028 dat
2317 3965 2475 4049 Spiritu

369 4083 375 4098 =-
462 4046 710 4123 conscientiam,
733 4057 847 4110 manet
867 4045 900 4109 iu
922 4045 1042 4130 gratia,
1064 4056 1230 4109 et·manet
1250 4044 1373 4110 haeres
1394 4045 1442 4110 vi·
1494 4054 1656 4115 sanctum,
1679 4065 1745 4130 quo
1769 4043 1982 4109 confirmatur
2004 4047 2174 4126 assensio,
2207 4060 2329 4133 atquo
2352 4049 2477 4116 fiducia

461 4142 515 4196 tae
552 4142 720 4195 aeternae.
774 4130 867 4195 llaec
898 4132 1016 4194 eadem
1055 4132 1206 4195 doctrina
1238 4132 1359 4195 tradita
1391 4142 1443 4195 est
1495 4140 1527 4192 et
1548 4128 1674 4193 laetitia
1696 4132 1729 4193 in
1751 4127 1922 4194 voluntate
1943 4134 2189 4213 accenduntur,
2221 4135 2312 4199 iuxta
2334 4136 2475 4202 dictum:

405 4244 407 4248 ·
461 4216 558 4281 Rom.
579 4215 612 4280 6.
644 4215 721 4279 Non
742 4226 861 4303 regnet
887 4226 1064 4300 peccatum
1091 4214 1279 4280 inmortali
1302 4236 1443 4299 corpore
1494 4213 1665 4279 iustificati
1686 4214 1752 4281 fide
1773 4235 1891 4301 pacem
1911 4215 2081 4283 habemus.

461 4314 595 4379 vestro,
627 4301 719 4387 quod
740 4313 883 4367 sumtum
905 4313 957 4364 est
979 4321 1023 4365 ex
1045 4300 1187 4368 Genesi:
1218 4302 1286 4367 Sub
1321 4311 1353 4364 ιε
1380 4303 1443 4366 erit
1935 4319 1941 4326 ·

461 4387 639 4473 appetitus,
659 4397 695 4454 et
715 4397 752 4452 tu
768 4387 947 4452 domineris
969 4386 1010 4451 ei.

1961 4541 2001 4607 ll.

463 4679 770 4767 RESPONSIO
793 4681 877 4764 ΑΙ)
903 4678 1265 4828 ΑΒΕΠΜΕΝΤΑ
1285 4680 1442 4783 QUAE
1554 4716 1805 4827 Impossibile
1847 4729 1910 4799 esi
1949 4651 2129 4828 aliquani
2168 4730 2357 4803 naturam
2385 4720 2473 4805 sola

463 4800 701 4889 CONTRA
731 4800 1077 4886 DOCTRINAM
1097 4802 1172 4883 DE
1191 4800 1442 4887 IUSTITIA
1614 4838 1758 4919 notitia
1786 4837 1935 4920 iustam
1966 4866 2053 4921 esse

659 4921 810 5007 FIDEI
840 4919 915 5007 ΟΡ
915 4921 949 5005 Ρ
951 4919 1235 5008 ONUNTUR
1554 4957 1675 5039 Fides
1706 4969 1769 5040 est
1797 4969 1958 5040 tantum
1988 4902 2142 5062 notitia,

941 5119 967 5186 ι
1554 5075 2524 5188 Qmmfflmmmffi

521 5268 755 5351 Daemones
787 5264 959 5347 eredunt
988 5276 1032 5346 ει
1061 5264 1385 5347 contremiscunt.
1576 5273 1674 5361 Nego
1696 5273 1869 5355 Minorem,
1887 5278 1964 5361 quia
1985 5276 2101 5355 Fides,
2123 5279 2166 5341 de
2187 5299 2254 5363 qua
2275 5274 2400 5342 Paulus
2422 5275 2472 5343 lo

520 5387 743 5498 Ere
773 5384 1441 5468 a.......01.12....0n...
1485 5361 1713 5531 ,tritaet
1730 5364 2472 5534 t.”eltiredne.eie‚titur

580 5508 796 5591 iustificari.
1490 5529 1557 5599 hec
1581 5529 1789 5615 beneficium,
1810 5536 1955 5621 quadiu
1976 5535 2197 5620 promissione
2219 5536 2366 5617 offertur,
2387 5545 2472 5603 utet
