5892 6709
520 623 585 690 283

521 810 662 878 trahitur
684 809 821 878 Samuel
849 829 916 876 non
946 831 1155 898 repugnans,
1185 812 1245 875 sed
1267 808 1379 898 aliquo
1401 811 1501 875 modo

521 900 726 966 adsentiens.
771 896 913 963 Constat
931 891 1016 963 eniri]
1038 918 1226 985 repugnare
1249 917 1323 962 eum
1344 917 1459 984 posse.

607 1050 681 1116 Etsi
713 1062 823 1117 autem
856 1072 958 1138 saepe
990 1072 1111 1137 magna
1151 1052 1331 1117 certamina
1364 1052 1406 1116 de
1437 1052 1504 1116 hac

522 1138 755 1205 controversia
779 1149 870 1203 mota
899 1152 993 1214 sunt,
1022 1148 1132 1203 tamen
1155 1138 1241 1208 haec
1263 1136 1404 1221 simplex
1427 1158 1504 1202 sen·

520 1225 635 1302 tentia,
658 1244 757 1308 quam
777 1225 933 1302 recitavi,
963 1234 1124 1308 perpetua
1147 1245 1214 1289 vox
1242 1234 1296 1289 est
1316 1226 1443 1307 piorum
1469 1224 1504 1287 in

519 1307 696 1387 Ecclesia,
724 1318 761 1372 01
782 1311 953 1375 saniorum
975 1311 1100 1392 scripta
1124 1308 1215 1375 clare
1236 1321 1413 1391 testantur,
1434 1307 1503 1374 Au·

520 1396 660 1482 gustini,
693 1395 870 1479 Prosperi,
907 1394 1111 1475 Bernhardi,
1147 1408 1180 1462 et
1211 1394 1363 1461 aliorum.
1424 1393 1504 1459 Non

520 1481 667 1566 adiungo
689 1482 906 1561 recentiores,
928 1479 1065 1547 Scotum
1088 1493 1123 1546 et
1145 1481 1290 1560 Occam,
1311 1495 1345 1548 01
1366 1477 1504 1559 similes,

520 1567 578 1652 qui
610 1567 842 1651 intempestive
873 1563 1098 1652 philosophati
1132 1579 1230 1642 sunt,
1269 1579 1303 1633 et
1336 1566 1506 1634 finxerunt

519 1648 697 1716 humanam
730 1651 935 1718 voluntatem
967 1674 1072 1739 posse
1098 1652 1179 1741 Legi
1199 1650 1266 1719 Dei
1294 1650 1504 1732 satisfacere,

520 1740 642 1803 mereri
668 1740 897 1804 remissionem
925 1750 1139 1823 peccatorum
1174 1752 1240 1804 etc.
1294 1738 1336 1804 111
1369 1759 1504 1805 errores

521 1825 700 1891 execrandi
723 1835 813 1904 sunt,
833 1837 870 1889 ut
891 1846 969 1890 mox
986 1845 1105 1891 rursus
1129 1826 1268 1891 dicetur.

609 2008 694 2077 lllud
720 2014 820 2077 etiam
850 2013 1006 2078 monendi
1032 2025 1110 2077 sont
1136 2013 1201 2098 pli,
1231 2034 1306 2077 cum
1335 2014 1506 2117 quaeritur

520 2097 601 2182 quid
623 2109 702 2182 agat
723 2095 881 2165 voluntas
908 2098 1071 2178 bumana,
1104 2110 1230 2164 tantum
1256 2100 1299 2164 de
1331 2096 1505 2164 Llectioua

521 2183 555 2249 in
577 2178 748 2249 voluntate
767 2186 843 2263 dici,
866 2206 934 2251 uon
956 2184 998 2249 de
1020 2184 1222 2263 EventibuS,
1248 2197 1285 2250 ot
1306 2186 1339 2250 in
1362 2184 1504 2250 Davidis

521 2265 696 2333 0010010ιο
717 2282 770 2335 est
792 2268 924 2349 electio,
948 2272 1037 2356 quod
1059 2267 1138 2336 velit
1160 2269 1236 2335 Deo
1260 2273 1408 2336 obedire.
1435 2271 1504 2335 Sed

523 2366 664 2419 eventus
692 2354 895 2440 praeliorum
929 2368 962 2421 et
994 2358 1156 2422 victoriae
1202 2357 1324 2422 eadent
1351 2359 1393 2423 ab
1428 2355 1503 2421 aliis

523 2440 637 2504 causis
670 2453 767 2506 extra
798 2444 926 2527 ipsum,
956 2440 1113 2508 videlicet
1138 2464 1160 2506 a
1221 2464 1262 2507 eo
1292 2455 1442 2508 anaante
1470 2454 1505 2507 et

523 2528 728 2612 gubernante
755 2549 873 2594 manus
896 2526 1003 2594 Ducis
1029 2539 1063 2593 et
1083 2530 1306 2608 exercituum,
1335 2541 1367 2594 et
1390 2527 1502 2613 aliquo

521 2612 621 2677 modo
643 2633 664 2676 a
685 2611 911 2679 voluntatibus
934 2617 1113 2679 exercitus.

609 2798 795 2865 Videndum
819 2812 872 2866 est
894 2802 994 2866 1011οι
1021 2803 1077 2865 ubi
1108 2803 1197 2867 dicta
1226 2801 1404 2887 loquantur
1425 2823 1502 2885 pro·

522 2886 593 2990 prie
616 2886 657 2950 de
679 2884 865 2964 Electione,
886 2853 943 2952 01ιί
966 2889 1007 2952 de
1028 2886 1221 2954 Eventibus
1261 2890 1318 2954 Sic
1340 2885 1502 2953 Salomon

522 2973 627 3056 rnquit
649 2974 682 3036 in
705 2972 897 3037 Proverbiis
920 2994 994 3058 cap.
1014 2961 1070 3037 16.
1121 2972 1190 3039 Cor
1210 2973 1353 3038 hominis
1377 2974 1503 3059 cogitat
1588 3025 1596 3043 .

523 3058 611 3121 viam
634 3077 739 3136 suam,
761 3059 823 3122 sed
833 3058 997 3123 Dominus
1021 3060 1196 3125 confirmat
1217 3053 1383 3146 gressum,
1406 3059 1503 3145 quasi
1556 3045 1749 3129 ¹¹¹.¹³⁹'.⁰³P'
1777 3025 1825 3089 ¹⁰·
1871 3027 1950 3093 8⁰¹⁰
1972 3026 2127 3108 D⁰¹¹¹¹¹¹⁰’
2158 3028 2247 3114 ‘3⁰⁰⁶
2269 3048 2337 3092 '¹⁰¹¹
2359 3024 2537 3092 98111οΜ1

524 3144 629 3218 dieat,
657 3142 719 3207 Est
749 3147 879 3230 quidem
903 3143 1098 3209 deliberatio
1123 3143 1253 3231 aliqua,
1281 3147 1440 3232 cogitatio
1468 3157 1502 3209 et
1556 3198 1564 3215 .

523 3226 652 3293 electio.
697 3230 764 3294 Sed
787 3229 871 3295 baec
893 3251 959 3294 000
982 3230 1152 3297 sulliciunt
1177 3233 1218 3296 ad
1236 3245 1407 3310 eventum,
1436 3232 1502 3294 imo

523 3315 686 3379 interdum
706 3328 795 3380 errat
816 3314 915 3381 homo
933 3319 966 3380 in
989 3315 1215 3396 deliberando,
1237 3332 1272 3383 ut
1285 3318 1390 3383 iosias
1414 3337 1504 3381 erra·

522 3402 580 3465 bat
614 3401 806 3466 existimans
839 3424 877 3467 se
898 3404 1019 3469 iustum
1054 3418 1086 3469 et
1118 3407 1346 3485 necessarium
1379 3401 1503 3469 bellum

523 3505 659 3550 movere
681 3490 844 3553 adversus
866 3489 993 3577 Regem
1015 3492 1226 3577 Aegyptium.

609 3655 739 3722 Deinde
773 3679 974 3724 concurrere
1013 3658 1095 3723 ioris
1129 3664 1172 3725 ad
1204 3673 1357 3727 eventum
1390 3658 1504 3744 plures

525 3762 648 3808 causas
677 3755 825 3828 oportet,
857 3745 920 3809 Dei
945 3743 1103 3811 auxilium
1126 3760 1159 3824 et
1182 3749 1410 3812 instrumenta.
1433 3745 1504 3810 Etsi

524 3839 634 3894 autem
668 3830 741 3894 sine
771 3831 824 3895 his
859 3833 1055 3897 adiumentis
1089 3853 1155 3897 000
1189 3844 1302 3918 potest
1332 3832 1447 3918 perfici
1469 3834 1504 3896 id

525 3915 616 4000 quod
638 3936 807 3995 conemur,
832 3929 940 3981 tamen
968 3940 1033 3984 nou
1057 3931 1236 4003 propterea
1258 3922 1409 4004 sequitur
1433 3915 1505 3984 nul·

524 3999 591 4066 lam
614 3999 808 4091 electionem
832 4015 864 4068 et
887 4001 1011 4069 nullam
1033 4001 1220 4072 libertatem
1242 4026 1329 4071 esse.

612 4158 677 4221 Sed
705 4156 790 4221 baec
821 4160 984 4222 sententie
1006 4158 1195 4225 Salomonis
1218 4171 1252 4225 et
1273 4158 1397 4225 similes
1419 4159 1505 4224 haec

524 4244 588 4306 tria
608 4245 787 4328 praecipue
810 4241 1081 4328 complectuntur.

610 4381 771 4458 Primum,
810 4380 1003 4445 illaudatum
1036 4402 1095 4446 seu
1134 4385 1345 4448 vocationem
1376 4403 1398 4447 a
1429 4354 1524 4447 Deo*

525 4485 613 4544 esse,
633 4479 670 4531 ut
692 4488 713 4531 a
737 4467 811 4532 Deo
833 4469 943 4532 000011
965 4480 1059 4533 erant
1089 4467 1183 4547 Saul,
1209 4468 1333 4549 David,
1366 4467 1503 4534 Paulus.

611 4604 813 4684 Secundum,
836 4604 958 4671 Audita
981 4607 1170 4685 vocatione,
1195 4610 1424 4694 obtemperant
1445 4606 1504 4672 ali·

526 4690 594 4773 qui,
627 4702 660 4752 et
693 4691 798 4757 iuvari
831 4714 870 4757 se
900 4714 919 4756 a
947 4691 1022 4756 Deo
1044 4704 1178 4778 petunt,
1212 4691 1311 4780 aliqui
1343 4716 1410 4760 non
1444 4697 1503 4760 ob·

523 4785 721 4859 temperant,
744 4776 843 4863 aliqui
867 4781 963 4842 etiam
987 4797 1042 4842 res
1065 4801 1204 4867 inagnas
1232 4783 1306 4847 sine
1327 4782 1504 4848 vocatione

523 4877 669 4941 movent,
691 4874 729 4927 ut
750 4862 856 4929 losias
879 4863 1003 4930 bellum
1025 4867 1137 4933 movit.
1223 4912 1225 4915 -

610 5015 762 5082 Necesse
784 5030 836 5084 est
858 5021 957 5105 igitur
979 5021 1055 5085 addi
1073 5023 1255 5086 membrum
1277 5024 1419 5090 tertium.
1455 5023 1505 5088 lta

522 5099 642 5176 ,felices
664 5116 743 5169 sunt
775 5126 974 5185 successus,
1004 5130 1077 5175 eum
1095 5129 1116 5172 a
1138 5107 1214 5173 Deo
1236 5109 1400 5175 iuvantur.
1445 5110 1504 5176 Se·

524 5192 634 5255 cundo
665 5191 764 5276 igitur
791 5189 868 5256 loco
896 5215 970 5257 curn
1003 5195 1090 5277 impii
1118 5206 1177 5259 aut
1208 5192 1300 5260 nulla
1328 5196 1504 5263 vocatione

482 5319 484 5329 ·
524 5277 597 5341 suis
620 5274 769 5341 consiliis
791 5291 976 5356 moveatur,
998 5293 1056 5343 aut
1076 5280 1300 5348 adversantur
1327 5284 1504 5362 vocationi,

523 5359 642 5428 herum
664 5366 816 5429 actiones
839 5385 913 5427 cum
931 5384 999 5427 non
1022 5366 1213 5432 inventura
1232 5368 1317 5448 Deo,
1340 5390 1407 5433 non
1428 5382 1506 5434 sunt

522 5443 653 5531 felices,
674 5450 742 5515 Sed
764 5472 839 5515 curu
862 5448 1061 5515 vdlttneates
1082 5449 1192 5537 aliquo
1217 5457 1316 5519 modo
1338 5458 1507 5541 obtempe-

1155 619 1266 688 Pllll..
1289 620 1393 685 Mae.
1417 617 1606 687 SCRIPTA
1626 617 1908 687 DOGMATICA.

2470 618 2538 687 ast

1554 808 1623 889 lus,
1640 820 1744 897 agunt
1765 807 1889 958 aliquid
1910 806 2029 874 horum
2047 805 2251 888 voluntates,
2274 809 2335 874 sed
2356 805 2438 875 tune
2458 821 2538 878 suut

1556 893 1715 963 efficaces
1737 908 1771 961 et
1791 895 1824 961 fe
1840 895 1911 959 ices
1934 916 2009 959 cum
2031 915 2051 958 a
2072 891 2150 959 Deo
2170 895 2380 961 adiuvantur.

1640 983 1832 1049 Admonitio
1866 980 1968 1068 igitur
1999 981 2195 1048 necessaria
2227 993 2261 1048 et
2292 979 2471 1054 utilissima
2502 984 2536 1048 in

1554 1069 1675 1136 talibus
1697 1070 1868 1135 sententiis
1890 1069 2096 1152 proponitur.

1641 1224 1806 1302 Primum,
1840 1222 1892 1287 Ne
1914 1234 2048 1288 nostrae
2068 1222 2323 1312 imaginationes
2344 1241 2539 1309 sequamur,

1555 1310 1617 1375 sed
1640 1311 1674 1374 in
1703 1310 1791 1374 omni
1821 1309 2058 1374 deliberatione
2079 1308 2267 1376 mandatura
2290 1305 2355 1375 Del
2381 1320 2415 1374 et
2436 1329 2539 1375 0000-

1555 1398 1677 1461 tionem
1701 1394 1960 1461 consideremus.

1642 1550 1817 1627 Secundo,
1845 1548 1932 1622 Quia
1946 1550 2147 1624 'mandatum
2175 1545 2240 1613 Dei
2269 1549 2539 1615 strenationem

1556 1636 1724 1715 audimus,
1746 1639 1902 1701 voluutas
1928 1647 2046 1700 uestra
2072 1636 2298 1721 obtemperet,
2324 1647 2359 1700 et
2380 1636 2538 1701 obedieu-

1555 1723 1633 1814 tiam
1652 1719 1738 1786 Deo
1767 1721 1941 1805 praestare
1968 1722 2120 1800 studeat,
2146 1742 2216 1787 nou
2242 1722 2284 1788 eit
2309 1722 2451 1822 lssssfflt
2479 1733 2540 1787 aut

1556 1819 1747 1874 contumax.

1643 1960 1772 2041 Tertio,
1802 1962 1900 2027 Petet
1927 1964 2027 2027 etiam
2053 1959 2212 2028 auxilium
2238 1960 2329 2027 banc
2354 1962 2462 2047 ipsam
2491 1964 2537 2029 ob

1557 2067 1711 2127 causam,
1740 2050 1818 2132 quia
1840 2049 1976 2134 negotia
2005 2050 2208 2114 sustinemus
2229 2069 2250 2113 a
2271 2045 2347 2114 Deo
2369 2048 2538 2129 mandata,

1555 2134 1754 2220 pertinentia
1774 2136 1818 2199 ad
1864 2132 1981 2200 loriam
2003 2134 2118 2219 ipsius.
2153 2133 2202 2200 lta
2223 2135 2349 2200 initium
2370 2135 2537 2200 001100οι0

1555 2230 1610 2284 est
1633 2240 1654 2284 a
1675 2218 1764 2298 Deo,
1786 2231 1819 2284 et
1841 2156 2010 2307 diligentia
2031 2232 2149 2286 nostra
2171 2218 2357 2310 flagitatur,
2379 2231 2414 2286 et
2434 2220 2536 2286 disci·

1541 2326 1629 2371 mus
1652 2303 1809 2372 auxilium
1830 2303 1895 2371 Dei
1916 2308 2094 2391 petendum
2116 2326 2205 2373 esse.
2635 2316 2644 2327 '

1822 2689 1887 2771 De
1920 2690 2030 2774 dicto
2060 2689 2266 2773 Ieremiae.

1642 2935 1807 3025 Congruit
1828 2960 1903 3006 cum
1930 2940 1995 3007 hac
2019 2943 2228 3006 enarratione
2250 2952 2283 3006 et
2305 2940 2428 3006 dictum
2450 2938 2537 3006 lere·

1555 3129 1608 3174 ms
1630 3131 1684 3175 vra
1701 3113 1783 3177 eius.
1817 3111 1981 3198 Loquitur
2002 3115 2044 3179 de
2066 3116 2242 3178 vocatione
2265 3126 2298 3178 et
2319 3114 2537 3179 successibus

1555 3217 1589 3260 m
1612 3201 1799 3264 vocatione.
1842 3199 1930 3264 Nam
1951 3202 2006 3264 via
2028 3201 2226 3284 saepissime
2247 3198 2415 3285 significat
2436 3219 2537 3264 voca·

1556 3284 1689 3347 tionem.
1722 3283 1837 3354 1110ηο1
1858 3298 1969 3350 autem
1990 3285 2146 3351 leremias
2168 3298 2294 3351 tantam
2316 3304 2393 3350 esse
2414 3282 2537 3350 molem

1556 3371 1723 3436 actionum
1753 3383 1786 3436 et
1815 3370 2038 3455 periculorum
2067 3374 2099 3437 in
2123 3393 2322 3459 quacunque
2344 3369 2536 3450 vocatione,

1556 3468 1591 3520 ut
1624 3454 1700 3521 sola
1732 3458 1878 3522 humana
1898 3456 2084 3544 vigilantia,
2119 3472 2152 3523 ct
2179 3460 2345 3524 humanae
2368 3458 2457 3523 vires
2479 3479 2536 3523 ne·

1556 3562 1722 3627 quaquam
1745 3546 1811 3608 sint
1833 3566 1932 3627 pares
1954 3556 2046 3609 tanto
2070 3547 2174 3624 oncri,
2197 3545 2258 3609 sed
2280 3542 2537 3624 fatendumest,

1556 3647 1641 3710 opus
1665 3647 1741 3692 esse
1774 3627 1896 3695 auxilio
1931 3631 2060 3710 divino,
2092 3642 2126 3696 et
2154 3632 2345 3696 ardentibus
2369 3632 2456 3696 votis
2479 3651 2537 3716 pe·

1555 3712 1706 3791 tendum,
1738 3727 1774 3779 ut
1803 3714 1898 3781 Deus
1926 3737 1990 3782 nos
2020 3717 2169 3795 adiuvet,
2205 3718 2291 3781 sicut
2320 3727 2353 3780 et
2384 3715 2454 3781 lob.
2485 3716 2536 3780 15.

1556 3800 1807 3883 scriptumest:
1830 3803 1911 3867 Sine
1933 3823 1987 3866 me
2007 3802 2087 3870 nihil
2110 3804 2251 3888 potestis
2274 3801 2399 3868 iacere.

1642 3955 1790 4019 Sustinet
1810 3954 1923 4021 David
1944 3960 2069 4043 regiam
2092 3959 2385 4044 gubernationem,
2413 3959 2446 4021 in
2469 3977 2538 4045 qua

1557 4059 1622 4103 non
1644 4061 1784 4124 prorsus
1805 4040 1916 4107 nullus
1939 4055 1990 4107 est
2012 4042 2109 4109 locus
2123 4042 2311 4130 diligentiae
2322 4063 2415 4122 suae,
2425 4055 2539 4108 tamen

1545 4128 1734 4212 ,praecipua
1763 4149 1842 4211 pars
1865 4128 1980 4194 01)οο
2008 4133 2141 4214 pendet.
2194 4131 2289 4195 Deus
2319 4130 2414 4195 offert
2436 4150 2537 4194 occa·

1556 4214 1669 4276 siones
1696 4228 1920 4297 opportunas,
1950 4214 2054 4281 ilectit
2082 4229 2225 4282 mentem
2247 4218 2291 4282 ad
2313 4218 2400 4280 bona
2423 4217 2537 4280 consi·

1537 4299 1608 4376 lia,
1631 4310 1665 4362 01
1693 4300 1828 4366 adiuvat
1854 4314 2005 4367 eventus.
2031 4349 2033 4356 »
2056 4303 2185 4368 interea
2212 4315 2321 4368 tamen
2350 4300 2461 4387 aliqua
2492 4322 2536 4368 ex

1555 4397 1649 4469 parte
1681 4384 1870 4473 diligentiae
1905 4389 2045 4454 Davidis
2075 4403 2145 4469 est,
2178 4388 2313 4454 labores
2345 4389 2535 4453 vocationis

1555 4473 1746 4555 suscipere,
1776 4476 1934 4539 mandare
1962 4472 2202 4555 locomotivae,
2229 4489 2266 4540 ut
2293 4494 2409 4539 manus
2438 4494 2535 4559 prac-

1554 4554 1685 4637 11001οι,
1710 4580 1776 4623 000
1799 4581 1976 4625 accersere
1999 4559 2118 4628 delicta
2140 4574 2259 4627 contra
2287 4561 2536 4639 conscientiam,

1553 4664 1621 4709 non
1642 4644 1829 4711 interficere
1850 4648 1987 4713 amicos.

1639 4800 1715 4862 Non
1738 4801 1839 4886 igitur
1859 4799 1944 4866 tollit
1969 4803 2124 4868 ieremias
2154 4802 2377 4867 obedientiam
2398 4811 2536 4866 nostrae

1438 4944 1443 4954 .
1554 4883 1752 4960 voluntatis,
1779 4888 1840 4952 sed
1867 4888 2021 4964 adfirmat
2051 4910 2136 4974 opus
2165 4909 2243 4954 esse
2265 4883 2387 4953 0001110
2410 4887 2535 4965 divino,

1553 4991 1595 5036 ac
1617 4992 1757 5055 prorsus
1787 4974 1873 5038 idem
1906 4976 2025 5057 docet,
2057 4977 2147 5061 quod
2174 4976 2268 5061 prius
2299 4974 2340 5040 de
2368 4974 2535 5042 sententia

1554 5055 1743 5123 Salomonis
1768 5060 1891 5126 dictum
1913 5074 1974 5127 est.

1641 5211 1795 5290 Primum,
1817 5237 1886 5280 000
1907 5219 2096 5303 sequendas
2119 5238 2196 5283 esse
2218 5227 2355 5282 nostras
2376 5214 2535 5300 imagina-

1556 5300 1683 5379 tiones,
1705 5303 1764 5366 sed
1796 5302 1830 5367 in
1860 5306 1947 5368 omni
1977 5302 2216 5370 deliberatione
2243 5305 2434 5369 mandatum
2457 5298 2535 5377 Det,

1556 5397 1589 5451 et
1609 5388 1819 5454 vocationem
1842 5392 2117 5456 considerandam
2136 5410 2228 5456 esse.

524 5546 601 5600 rant
621 5538 804 5616 vocationi,
826 5549 860 5604 et
881 5537 977 5603 iuver
1010 5560 1049 5605 se
1068 5550 1197 5625 petunt,
1219 5553 1256 5606 ut
1276 5539 1399 5622 David,
1420 5542 1536 5620 Pau-t
1604 5601 1607 5611 ,
1643 5541 1819 5626 Secundo,
1839 5567 1916 5638 ‚uon
1936 5547 2119 5636 ignaviam,
2146 5559 2203 5614 aut
2232 5544 2476 5614 contumaciam
2500 5541 2536 5605 ln
