5892 6709
509 605 569 672 1⁷1
1109 549 1886 674 ¹turtureus.sotrtrraooottartcs
2448 611 2517 680 ata

570 792 656 859 lline
677 789 776 859 facile
797 794 934 859 iudicari
956 805 1080 880 potest,
1101 791 1293 879 multiplicia
1310 813 1388 882 esse
1398 790 1488 859 furta
1507 800 1513 840 ¹
1536 804 1660 873 autem,
1681 814 1779 880 quatu
1801 789 1868 878 late
1890 804 2002 878 pateat
2021 791 2089 861 hoa
2108 806 2342 880 praeceptum,
2364 799 2453 886 regit
2468 800 2517 867 iu·

504 881 544 960 ln
560 880 626 945 boc
649 900 785 966 genere,
807 882 884 965 quia
907 900 1034 959 ontrtes,
1058 882 1113 966 qui
1135 878 1289 946 fruuntur
1310 879 1362 944 his
1375 883 1485 958 bonis,
1538 881 1635 952 dicia.
1655 891 1767 966 pacta,
1790 891 1996 958 contractus,
2020 891 2054 945 et
2072 879 2302 966 complectitur
2317 896 2446 969 partem
2461 886 2519 954 tu-

504 964 662 1052 ueglecto
685 966 865 1032 ministerio
887 964 1079 1052 Evangelii,
1113 977 1146 1029 et
1167 963 1332 1053 neglectis
1355 968 1484 1044 studiis,
1537 967 1647 1031 stitiae
1668 962 1894 1050 particularis,
1927 962 2073 1046 scilicet,
2095 987 2182 1052 quae
2202 979 2312 1046 vetat,
2334 965 2377 1034 ne
2397 963 2518 1038 fraude

504 1063 659 1135 peccant.
708 1051 771 1115 llic
804 1063 856 1115 est
887 1053 1006 1138 ingens
1039 1071 1196 1115 numerus
1228 1051 1485 1136 Episcoporum‚
1536 1062 1570 1115 et
1590 1072 1651 1137 per
1675 1047 1870 1116 calumniam
1891 1048 1946 1116 alii
1969 1049 2155 1118 laedantur.
2189 1052 2275 1117 Sunt
2296 1055 2384 1120 enlm
2406 1055 2518 1142 dupli·

506 1135 752 1202 canonicorum
785 1148 818 1200 et
840 1135 1100 1214 llonachorum,
1130 1138 1187 1221 qui
1220 1158 1287 1200 non
1311 1147 1388 1202 suut
1409 1137 1484 1201 usui
1537 1156 1595 1202 ces
1617 1138 1764 1201 iniuriae.
1799 1134 1894 1201 Aliae
1915 1135 1998 1202 fiunt
2018 1140 2063 1215 vl,
2085 1135 2170 1202 aliae
2191 1141 2266 1204 sine
2283 1141 2317 1205 vl
2326 1139 2518 1222 manifesta,

504 1217 690 1300 Ecclesiae,
723 1222 778 1305 qui
812 1222 973 1286 devorant
1004 1219 1178 1286 facultates
1211 1219 1485 1294 Ecclesiasticas,
1536 1223 1597 1286 sed
1619 1221 1698 1287 tlolo
1722 1232 1755 1286 et
1776 1224 1896 1289 fraude
1917 1222 2009 1287 liunt.
2054 1220 2221 1289 violentia
2278 1223 2450 1292 cohibetur
2480 1228 2517 1294 iu

505 1328 580 1373 cum
597 1309 723 1372 interea
745 1307 892 1371 esuriant
911 1320 1083 1392 pastores,
1105 1318 1163 1373 aut
1184 1305 1266 1372 nulli
1288 1307 1485 1385 habeantur,
1514 1305 1517 1311 '
1535 1309 1649 1456 quinto
1671 1320 1706 1372 et
1726 1311 1868 1391 septimo
1889 1319 2081 1392 praecepto.
2114 1309 2177 1374 llio
2198 1245 2517 1395 prohibentttrmen·

504 1404 601 1459 etne
624 1391 769 1477 ligantur
790 1394 909 1456 studia.
1558 1394 1642 1472 acia,
1662 1393 1875 1476 imposturae,
1899 1391 2090 1458 calutmtiae.
2135 1395 2185 1459 lta
2207 1415 2329 1480 sparsa
2350 1408 2404 1462 eet
2423 1399 2516 1464 lusti·

623 1479 696 1542 uias
725 1478 773 1540 rei
805 1477 917 1563 imago
949 1478 982 1542 in
1005 1477 1145 1542 historia
1166 1480 1335 1562 passionis
1358 1475 1482 1542 Christi
1534 1479 1580 1541 tia
1607 1475 1816 1562 particularis
1849 1480 1882 1542 in
1915 1478 2000 1542 haec
2032 1493 2224 1565 praecepta.
2275 1481 2359 1546 Nam
2390 1483 2516 1550 lustitia

502 1565 675 1648 proposita
707 1573 771 1627 est.
816 1561 910 1628 Sicut
941 1563 1028 1627 enim
1050 1559 1169 1628 milites
1192 1565 1342 1628 dividunt
1369 1575 1482 1627 restes
1556 1561 1741 1627 articulatis
1785 1562 1939 1648 probibet
1981 1565 2117 1629 iniurias
2151 1566 2325 1652 utriusque
2367 1569 2515 1653 generis.

502 1646 638 1723 Christi,
655 1658 690 1712 et
712 1648 754 1711 de
775 1650 825 1713 eis
848 1650 1040 1727 sortiuntur,
1062 1650 1107 1714 ita
1128 1650 1295 1733 principes
1318 1661 1351 1714 et
1368 1660 1482 1732 poten·
1533 1585 1639 1712 hono
1671 1648 1757 1713 haec
1789 1649 1908 1727 virtuts,
1931 1670 2017 1734 quae
2044 1661 2135 1716 vetat
2169 1653 2344 1716 mendacia
2366 1663 2401 1718 et
2422 1651 2515 1720 oela-

502 1745 554 1799 tea
586 1735 774 1818 partiuntur
805 1735 891 1799 inter
923 1754 961 1799 se
984 1755 1002 1798 e
1026 1735 1198 1818 iscopatus
1227 1747 1259 1800 et
1280 1735 1482 1810 sacerdotia,
1533 1734 1652 1811 mnias,
1673 1745 1814 1799 vocatur
1837 1733 1980 1800 Veritas.
2023 1732 2070 1800 Ut
2089 1747 2200 1801 autetu
2220 1737 2397 1821 superiora
2417 1760 2516 1824 prae·

447 1860 449 1864 -
501 1817 657 1906 neglecto
680 1820 860 1884 ministerio
881 1831 916 1885 et
938 1756 1100 1905 neglectis
1123 1821 1252 1884 studiis.
1290 1818 1482 1884 Donatista·
1534 1831 1631 1902 cepta
1652 1817 1736 1884 alias
1757 1831 1871 1905 partes
1895 1817 2109 1904 Reipublicae
2141 1824 2347 1901 munierunt,
2379 1824 2426 1888 ita
2445 1825 2517 1889 hoo

501 1925 573 1971 rtttn
583 1902 747 1970 Ecclesiis
767 1902 892 1990 publici
910 1907 1124 1993 magistratus
1135 1902 1331 1970 auferebant
1342 1901 1482 1970 faculta-
1532 1917 1747 1989 praeceptum
1770 1907 1871 1969 muttit
1893 1907 2025 1984 iudicia,
2047 1917 2146 1989 pacta
2168 1920 2202 1972 et
2224 1919 2428 1974 contractus.
2451 1907 2514 1974 Fa·

501 2002 568 2069 tes,
592 2004 626 2056 et
647 1988 892 2056 transferebant
912 1987 955 2056 ad
978 1993 1049 2075 pias
1071 1989 1263 2069 Ecclesias,
1293 1991 1423 2075 quade
1445 2008 1482 2054 re
1534 1988 1598 2055 cile
1630 2002 1739 2054 autem
1769 2003 1911 2076 possunt
1938 1992 2077 2078 agnosci
2099 2004 2239 2078 peccata
2261 1996 2431 2059 crassiora
2453 2001 2514 2144 piu·

502 2078 565 2142 etsi
578 2078 868 2163 conquerebantur
882 2075 1089 2148 Donatistae,
1113 2089 1145 2141 et
1156 2077 1381 2162 disputabant,
1404 2095 1482 2159 pro·
1534 2076 1669 2162 gnantla
1703 2096 1775 2140 oum
1808 2075 1874 2140 hoc
1906 2091 2096 2225 praecepto.
2143 2077 2187 2142 Ut
2210 2080 2296 2143 enim
2314 2077 2369 2145 hia
2392 2099 2457 2144 oen
2483 2102 2514 2143 r·

500 2174 576 2309 pter
598 2163 841 2227 dissensionem
860 2163 1051 2247 dogmatum
1063 2163 1182 2227 nentini
1200 2163 1392 2245 eripiendas
1404 2181 1483 2225 esse
1533 2172 1664 2225 tuantur
1685 2162 1817 2238 iudicia,
1839 2173 1872 2225 et
1894 2163 2002 2226 omnia
2039 2165 2172 2228 arensia
2194 2163 2321 2242 ollioia,
2343 2166 2373 2230 si
2394 2167 2458 2230 tite
2479 2177 2515 2232 et

516 2245 693 2324 acuitates,
711 2259 819 2312 tamen
833 2248 887 2311 Au
934 2249 1041 2312 stinus
1054 2248 1236 2331 respondit,
1248 2246 1336 2311 itanc
1346 2247 1481 2331 pecuni·
1532 2247 1622 2310 bona
1644 2248 1847 2311 conscientia
1868 2246 1960 2326 liant,
1989 2249 2077 2313 sicut
2097 2262 2132 2314 et
2151 2249 2370 2315 iuramentum
2392 2251 2436 2315 de
2457 2269 2514 2316 ea·

500 2354 554 2398 arn
576 2353 654 2398 esse
664 2330 851 2410 Ecclesiae,
873 2335 882 2398 i
908 2353 1017 2419 eoque
1028 2346 1121 2399 recte
1137 2353 1195 2418 per
1207 2335 1397 2418 superiores
1409 2330 1482 2395 llla-
1531 2329 1655 2396 lamnia
1676 2334 1847 2416 praecipit,
1870 2334 1917 2397 ita
1934 2346 2072 2398 econtra
2093 2334 2289 2400 damnantur
2313 2355 2431 2400 onmes
2451 2333 2513 2401 fal·

500 2420 661 2504 gistratus
684 2421 765 2504 eripi
786 2419 851 2498 his,
873 2421 929 2504 qui
951 2441 1016 2484 non
1063 2421 1206 2484 ertlnent
1227 2416 1481 2494 atlEcelesiam,
1532 2437 1592 2481 sae
1613 2429 1647 2481 et
1669 2416 1895 2482 calumniosae
1916 2420 2149 2484 accusationes
2178 2433 2213 2486 et
2242 2418 2457 2488 defensiones
2478 2430 2514 2487 et

500 2516 534 2569 et
556 2505 729 2570 transferri
752 2507 793 2570 ad
816 2525 918 2569 veros
940 2526 1021 2569 usus
1073 2502 1227 2569 eclesiae.
1278 2503 1480 2567 Discerneu·
1531 2505 1720 2567 sententiae
1748 2504 1781 2567 in
1809 2504 1947 2569 iudiciis.
1993 2502 2145 2592 Denique
2166 2516 2238 2570 tota
2258 2505 2442 2589 sophistica
2461 2503 2513 2571 fo·

500 2592 564 2655 dae
596 2592 692 2654 etiam
727 2602 804 2654 sunt
830 2593 863 2654 in
886 2588 952 2654 lroc
975 2610 1057 2654 rasu
1078 2593 1227 2673 privatae
1249 2586 1425 2654 facultates
1447 2598 1481 2653 et
1531 2589 1659 2666 nensis,
1692 2590 1767 2652 item
1791 2586 1878 2653 falsa
1902 2590 2090 2654 testimonia
2112 2602 2146 2654 et
2167 2590 2326 2671 consilia,
2357 2593 2437 2657 item
2454 2593 2512 2656 de-

500 2673 637 2740 alienae.
685 2676 864 2740 Peccanti
891 2676 957 2738 itur
978 2676 1231 2762 gravissiuteet
1251 2673 1323 2750 alii,
1357 2676 1411 2757 qui
1434 2675 1480 2738 lta
1531 2675 1681 2757 praratio
1703 2675 1820 2739 artium
1845 2688 1906 2739 etc.
1930 2690 2044 2740 rectae
2067 2678 2250 2756 doctrinae,
2273 2679 2352 2742 item
2375 2673 2511 2742 violatio

501 2762 656 2844 diripiunt
676 2758 853 2826 facultates
865 2697 1134 2838 {eclesiasticae
1161 2780 1203 2823 ne
1225 2761 1303 2845 quid
1325 2761 1401 2823 inde
1424 2760 1481 2823 de·
1530 2770 1703 2843 pactorum
1726 2771 1757 2823 et
1779 2762 2018 2844 promissorum
2040 2762 2071 2824 in
2092 2764 2328 2827 contractibus.
2357 2760 2512 2848 Denique

500 2847 629 2911 oldatur
650 2848 693 2910 ad
715 2866 798 2911 usus
821 2843 1003 2910 Ecclesiae.
1048 2847 1195 2910 Peccant
1213 2843 1480 2929 etliespublicac
1529 2845 1687 2908 insidiosa
1711 2843 1876 2909 simulatio
1898 2857 1956 2910 aut
1979 2843 2156 2911 occultatio
2177 2849 2368 2914 inmotibus
2384 2850 2509 2927 atrita,

500 2951 586 3016 quae
618 2931 699 2995 niltil
732 2928 908 2997 conferunt
930 2933 972 2995 ad
996 2933 1285 2997 eottservationem
1308 2933 1480 2995 ministerii
1530 2931 1606 3015 quia
1628 2931 1751 2994 veritas
1775 2953 1841 2996 non
1864 2933 1963 2994 morlo
1986 2934 2019 2994 itt
2042 2935 2161 3016 pactis,
2184 2934 2361 3015 promissis
2383 2944 2441 2998 aut
2461 2934 2511 2999 iu·

499 3030 533 3082 et
556 3018 750 3082 studiorum.
795 3017 888 3081 llaec
916 3014 1005 3081 furta
1027 3039 1094 3083 nan
1118 3030 1195 3082 sunt
1217 3016 1305 3081 levia
1327 3028 1478 3100 peecata,
1530 3016 1626 3080 diciis
1648 3018 1844 3101 requiritur,
1868 3018 1928 3080 sed
1951 3018 2047 3080 etiam
2069 3019 2102 3080 in
2135 3030 2207 3083 tota
2235 3018 2319 3096 vita,
2351 3015 2507 3085 videlicet

499 3105 587 3166 sicut
609 3113 771 3167 testantur
793 3104 1011 3187 gravissimae
1034 3106 1215 3167 conciones
1238 3104 1270 3165 in
1290 3101 1479 3185 l’ropltetis,
1501 3108 1506 3223 q
1530 3102 1668 3176 candor,
1690 3100 1896 3186 simplicitas,
1918 3103 1952 3166 id
1975 3115 2037 3180 est,
2059 3104 2221 3168 rectitudo
2233 3123 2293 3167 seu
2309 3102 2510 3190 ingenuitas,

496 3189 555 3253 ttbi
577 3186 673 3254 Deus
697 3190 909 3255 severissime
931 3189 1073 3252 minatur
1094 3186 1173 3266 illis,
1195 3190 1251 3272 qui
1275 3209 1340 3251 non
1363 3188 1478 3251 iuvant
1529 3208 1615 3270 quae
1636 3184 1729 3264 facit,
1753 3207 1795 3250 ue
1817 3201 1940 3252 temere
1963 3188 2004 3251 de
2026 3186 2101 3252 aliis
2113 3193 2332 3274 suspicemur,
2343 3201 2381 3254 ut
2392 3191 2510 3255 dextre

497 3274 669 3339 ministros
692 3271 822 3358 templi,
855 3274 911 3338 uhi
935 3274 1056 3337 debent
1078 3274 1210 3352 iuvare,
1243 3284 1300 3336 aut
1322 3270 1478 3336 conferre
1528 3271 2510 3355 interpretenturaliorumtlictaautfacta,nesinistraintor·

498 3359 542 3423 ad
564 3381 623 3424 eos
647 3363 822 3425 iuvandos.
866 3359 1018 3444 llaggaei
1044 3363 1168 3442 priora:
1212 3357 1397 3423 Aedificate
1420 3360 1478 3421 do·
1529 3358 1711 3440 pretatione
1723 3361 1941 3440 depravemus
1954 3357 2170 3443 probabiliter
2184 3361 2272 3424 dicta
2284 3372 2342 3425 aut
2353 3357 2455 3440 facta,
2467 3381 2509 3426 na

384 3481 387 3492 =
497 3467 585 3510 mum
603 3465 722 3524 meant,
746 3462 777 3510 et
801 3444 974 3531 placebitis
996 3444 1085 3508 milti.
1130 3444 1227 3521 ltem,
1251 3442 1381 3508 Domus
1404 3464 1479 3508 mea
1528 3444 1689 3507 insidiosa
1712 3442 1933 3508 occultatione
1955 3457 2127 3526 captemus
2149 3444 2283 3530 aliquod
2299 3451 2507 3526 πλεονέκτημα,

498 3533 634 3597 deserta
666 3543 727 3607 est,
761 3544 794 3595 et
826 3528 961 3594 festint
993 3530 1222 3613 uuusquisque
1244 3539 1280 3593 ut
1302 3550 1397 3593 suant
1420 3530 1478 3593 do·
1527 3548 1570 3592 ne
1587 3530 1630 3593 sit
1652 3531 1684 3592 itt
1702 3528 2036 3608 anticitiasitnulatio,
2059 3528 2287 3596 sed'luceatin
2305 3529 2509 3596 dictisetfa·

497 3637 585 3682 tuum
609 3627 749 3680 extruat.
773 3616 851 3680 ldeo
874 3614 1040 3699 prohibui,
1062 3633 1103 3679 ne
1128 3613 1256 3678 coelum
1279 3614 1334 3677 det.
1357 3635 1477 3692 rorent,
1529 3616 1610 3692 ctiS,
1645 3624 1677 3676 et
1700 3616 1786 3678 otnni
1810 3617 2051 3680 consuetudine
2072 3616 2236 3681 rectitudo
2259 3617 2441 3701 quaedam,
2475 3629 2509 3682 et

495 3713 532 3766 et
553 3722 596 3766 ne.
619 3713 711 3765 terra
732 3703 776 3765 sit
798 3699 973 3765 foecunda.
1018 3700 1061 3763 Et
1083 3698 1270 3764 lllalacltiae
1292 3701 1405 3762 tertio:
1427 3704 1475 3764 ln·
1527 3711 1688 3781 appareat
1718 3720 1781 3761 nos
1814 3703 1902 3764 serio
1936 3713 1969 3764 et
2000 3703 2087 3765 bono
2121 3703 2232 3766 studio
2260 3722 2363 3787 agere
2383 3703 2506 3780 omnia,

497 3784 582 3853 ferte
615 3807 744 3850 omnem
777 3788 935 3850 decianam
969 3786 1000 3848 in
1024 3784 1177 3849 horreum
1202 3804 1321 3861 meum,
1345 3796 1377 3846 et
1398 3805 1474 3867 ape
1528 3804 1614 3869 quae
1637 3786 1853 3861 ostendimus,
1876 3798 1909 3848 et
1932 3806 2013 3869 prae
2034 3788 2131 3850 nobis
2155 3784 2301 3851 ferimus.
2345 3784 2438 3852 Talis
2459 3788 2508 3851 in·

495 3874 579 3938 riam
600 3874 698 3938 vobis
722 3884 909 3936 cataractas
933 3869 1029 3948 coeli,
1052 3881 1085 3935 et
1097 3869 1261 3933 effundant
1275 3870 1476 3934 benedictio·
1529 3869 1680 3954 genuitas
1703 3872 1891 3934 attribuitur
1912 3868 2034 3934 Achilli
2057 3873 2143 3956 apud
2156 3861 2347 3949 Homerum,
2371 3875 2427 3957 qui
2449 3874 2508 3949 ait,

496 3979 583 4038 nem,
612 3960 644 4023 id
675 3970 738 4035 est,
771 3959 986 4034 incrementa,
1019 3969 1209 4042 augmenta,
1243 3956 1387 4021 abunde.
1433 3954 1475 4018 Et
1527 3976 1565 4019 se
1588 3954 1712 4034 odisse,
1734 3967 1771 4019 ut
1792 3967 1947 4033 mortem,
1969 3975 2046 4035 eos,
2076 3959 2130 4042 qui
2153 3955 2241 4023 aliud
2264 3960 2394 4036 dicunt,
2416 3956 2508 4024 aliud

495 4044 755 4110 Proverbiorum
789 4046 904 4107 tertio:
928 4042 1066 4107 Honora
1090 4041 1197 4106 Deum
1230 4042 1272 4105 de
1305 4053 1360 4104 tua
1394 4042 1475 4114 sub7
1527 4040 1682 4104 sentiunt.
1726 4041 1798 4104 Etsi
1821 4052 1930 4105 autern
1951 4043 2092 4106 maxime
2115 4045 2212 4107 decet
2232 4043 2388 4108 heroicos
2411 4044 2507 4108 viros

496 4132 629 4209 stantia,
652 4142 685 4195 et
707 4131 748 4194 de
770 4130 920 4214 primitiis
943 4129 1085 4193 omniunt
1108 4125 1239 4213 frugum
1263 4139 1409 4204 tuarum,
1442 4137 1476 4189 et
1526 4124 1610 4190 haec
1632 4128 1831 4211 ingenuitas,
1864 4138 1972 4189 tamen
2006 4129 2184 4212 requiritur
2204 4131 2238 4194 in
2260 4129 2431 4203 omnibns,
2464 4147 2508 4194 ao

494 4214 718 4301 implebuntur
740 4215 863 4279 horrea
885 4226 942 4278 tua
964 4216 1148 4292 saturitate,
1171 4225 1204 4277 et
1228 4214 1304 4275 rino
1328 4208 1475 4275 torculu-
1525 4214 1667 4276 marime
1698 4214 1731 4275 ln
1766 4210 1986 4296 explicatione
2014 4215 2257 4294 doctrinarum,
2280 4215 2346 4280 Sed
2366 4235 2507 4299 praece-

495 4304 545 4367 ria
567 4303 806 4367 redundabunt.
853 4301 888 4363 ln
916 4300 969 4363 bis
991 4300 1148 4383 operibus
1172 4295 1240 4361 vult
1263 4296 1358 4362 Deus
1382 4317 1475 4361 exer·
1524 4310 1615 4382 ptum
1637 4296 1800 4363 Dei‘non
1832 4299 1929 4364 motio
1952 4300 2106 4364 uirtutem
2127 4301 2234 4386 ipsam
2255 4299 2408 4385 requirit,
2444 4301 2506 4365 sed

496 4390 564 4453 ceri
598 4388 714 4468 fidem,
746 4386 884 4472 quaesi
907 4386 1060 4461 adesset,
1092 4381 1299 4448 liberaliores
1321 4402 1474 4447 essemus
1526 4385 1624 4447 etiarn
1648 4380 1829 4468 apostulat,
1852 4397 1888 4449 ut
1909 4381 2071 4448 referatur
2092 4387 2135 4449 ad
2158 4384 2299 4471 gloriam
2322 4383 2404 4463 Dei,
2437 4383 2506 4450 hoe

494 4474 527 4537 fn
550 4472 616 4539 hoc
663 4495 763 4538 enere
786 4470 981 4535 ciliciorum.
1016 4471 1050 4535 Si
1074 4470 1161 4533 enim
1183 4488 1262 4533 rere
1284 4483 1474 4553 expectare·
1497 4440 1502 4528 i
1526 4480 1596 4547 est,
1628 4480 1664 4533 nt
1696 4490 1843 4535 amemus
1867 4484 1900 4535 et
1921 4483 2130 4553 praestemus
2152 4473 2340 4549 veritatem,
2369 4481 2406 4535 ut
2427 4469 2504 4536 Deo

495 4581 611 4626 musa
667 4580 707 4623 ea
730 4555 923 4625 facultatum
941 4556 1242 4635 conservationem,
1263 4552 1415 4639 profecto
1436 4551 1474 4618 li·
1496 4532 1501 4602 i
1525 4556 1726 4621 obediamus.
1772 4555 1833 4621 Est
1854 4568 1888 4620 et
1905 4554 2045 4640 vulgare
2066 4557 2179 4622 vitiam
2199 4554 2439 4635 maledicentia,
2456 4558 2505 4621 vl·

493 4647 626 4712 beotius
647 4643 854 4732 largirentur.
1525 4639 1644 4705 delicet
1667 4639 1816 4719 illorum,
1838 4647 1893 4726 qui
1915 4641 2056 4705 libenter
2079 4655 2195 4707 serunt
2216 4644 2258 4706 de
2280 4640 2356 4707 aliis
2377 4662 2503 4707 sermo·

1525 4746 1597 4804 nes,
1621 4728 1739 4811 quibus
1762 4747 1876 4790 aarum
1899 4723 1983 4791 fama
2007 4726 2161 4806 laeditur,
2183 4740 2240 4792 aut
2261 4729 2316 4813 qui
2333 4724 2502 4793 delectan-

1525 4822 1578 4880 tur
1599 4813 1784 4876 acerbitate
1805 4823 1863 4875 aut
1884 4810 2085 4878 scurrilitate
2108 4815 2344 4890 conviciorum,
2365 4824 2424 4877 aut
2445 4811 2501 4899 qui

615 4942 691 5025 uu
733 4939 971 5027 OCTAVO
1002 4934 1350 5025 percurro.
1524 4894 2502 5049 tttzttttt'ttttt¹urtttttttt‘ttuutt's

545 5096 656 5202 aar
684 5097 880 5209 praeeat
909 5109 1101 5180 otavum
1130 5090 1420 5207 praeceptum?
1523 5069 2501 5240 tunt,ttttu..:t‘resurrecturus

639 5261 647 5266 ·
1506 5260 1580 5305 rae
1603 5241 1791 5304 vanitatem.
1835 5205 1930 5306 atras
1959 5261 1999 5304 ex
2023 5201 2200 5305 ambitione
2222 5252 2256 5304 et
2276 5241 2418 5320 invidia,
2450 5239 2500 5304 ln·

545 5401 549 5408 ,
579 5330 692 5412 lubet,
727 5342 763 5396 ut
794 5340 932 5415 propter
951 5327 1060 5392 Deum
1081 5337 1270 5413 praestetur
1292 5325 1415 5391 veritas
1437 5324 1471 5389 itt
1523 5326 1650 5389 tardum
1684 5326 1816 5410 species
1849 5339 1902 5391 est
1929 5324 2130 5390 adulationis
2151 5323 2350 5392 maledicere
2370 5321 2445 5391 aliis
2466 5325 2500 5390 in

493 5419 583 5483 omni
605 5420 683 5497 rita,
707 5418 804 5483 dictis
826 5429 860 5482 et
880 5412 990 5495 factis,
1012 5433 1052 5477 ac
1074 5413 1263 5477 nominatim
1285 5414 1317 5476 iu
1330 5412 1470 5488 iudiciis,
1523 5407 1708 5496 aliquorum
1741 5413 1895 5498 gratiam.
1940 5411 2025 5477 Sunt
2045 5415 2131 5477 enirn
2153 5414 2316 5497 quaedam
2337 5411 2500 5478 distortae

492 5505 527 5571 ia
550 5506 776 5570 contractibus
799 5519 832 5569 et
852 5503 977 5588 pactis,
999 5499 1137 5585 requirit
1157 5500 1339 5564 veritatem.
1385 5497 1471 5564 Vide
1523 5499 1661 5564 naturae
1682 5499 1767 5562 adeo
1789 5495 1975 5564 virulentae
1996 5510 2029 5564 et
2048 5496 2169 5583 plenae
2189 5495 2351 5577 livonum,
2383 5510 2418 5563 et
2443 5517 2499 5563 eu·
