5892 6709
483 650 550 722 585
1116 649 1231 720 runa
1253 648 1358 717 MEL.
1381 647 1570 719 SCRIPTA
1590 649 1870 720 DOGMA'l'lCA.
2434 654 2504 724 136

484 839 645 930 reliquam
677 840 865 908 libertatem
897 840 1010 928 aliquo
1048 841 1147 909 modo
1186 841 1294 907 mendi
1328 852 1467 908 exrema
1518 842 1606 924 Deo,
1634 864 1697 908 sua
1717 842 1890 912 voluntate
1910 839 2019 908 liherc
2041 853 2216 929 repugnat,
2241 844 2335 909 iuxta
2356 845 2502 912 dictam

483 931 644 1008 membra,
672 949 734 995 seu
755 929 894 1016 regendi
914 926 1169 1008 locomotivam,
1201 939 1237 993 ut
1258 925 1395 1015 Physicl
1416 923 1467 992 lo-
1518 929 1665 997 Perditio
1687 949 1734 996 ex.
1750 941 1784 996 te
1806 938 1869 1009 est,
1893 950 1916 994 a
1935 948 1988 994 ure
2009 939 2119 994 autern
2141 926 2248 995 salus.

484 1028 640 1102 quuntur.
684 1015 764 1080 ldeo
787 1018 874 1080 enim
897 1035 1000 1101 opera
1020 1014 1123 1119 Legis
1157 1014 1311 1082 dicuntur
1343 1014 1467 1081 iustitia

486 1102 615 1180 earnis,
648 1104 726 1189 quia
742 1101 841 1166 huius
862 1113 1002 1168 naturae
1025 1102 1152 1167 viribus
1174 1110 1345 1186 atcunque
1367 1100 1466 1168 etiarn

485 1208 506 1253 a
527 1208 597 1253 non
617 1189 745 1253 renatis
768 1199 905 1253 externa
925 1185 1029 1274 Legis
1052 1207 1156 1272 opera
1178 1184 1268 1254 effici
1288 1198 1443 1271 possunt.

1604 1065 1678 1133 liae
1699 1063 1841 1154 simplici
1864 1067 2075 1133 enarratione
2098 1065 2243 1132 contenti
2271 1066 2389 1145 simus,
2422 1067 2504 1154 quia

1519 1164 1612 1219 certa
1642 1172 1786 1218 necesse
1814 1162 1866 1218 est
1893 1152 2038 1219 discerni
2066 1153 2372 1220 determinationem
2393 1154 2535 1220 hona·¹

1518 1259 1591 1305 rum
1612 1239 1791 1321 actionum,
1813 1257 1898 1326 quas
1921 1236 1992 1304 vult
2012 1236 2120 1320 Deus,
2153 1252 2185 1305 et
2207 1238 2382 1321 malarum,
2415 1255 2504 1328 quas

571 1358 740 1424 Abstinuit
761 1354 956 1425 Alexander
977 1380 999 1424 a
1019 1356 1152 1426 filiabus
1174 1357 1268 1426 Darii
1301 1352 1466 1428 coercens
1518 1345 1585 1392 ‘¹⁰¹¹
1607 1323 1688 1393 ‘'⁰¹“

484 1457 621 1511 externa
648 1446 808 1510 membra.
852 1445 911 1510 Sic
944 1456 977 1510 et
1005 1444 1102 1512 Paris
1136 1450 1295 1511 coercere
1328 1456 1467 1512 externa

483 1533 630 1595 membra
662 1542 805 1616 poterat.
859 1528 937 1596 ldeo
971 1531 1104 1598 dicitur:
1142 1529 1215 1597 Lex
1247 1542 1300 1598 est
1329 1529 1464 1597 iniustis
1814 1569 1817 1575 -

483 1620 606 1702 posim,
627 1617 662 1682 ld
684 1626 749 1696 est,
771 1618 814 1682 ad
838 1618 1046 1684 Οῠέῐθθῐὶᾶθθ
1068 1637 1136 1683 11011
1157 1628 1315 1697 temtos,
1345 1629 1378 1684 ei
1406 1637 1466 1701 pu·
1671 1619 1952 1708 Secundum
1982 1635 2342 1733 argumentum,
2399 1631 2407 1638 ’

483 1703 623 1770 niendos
647 1713 873 1769 contumaces.
916 1702 970 1768 Ac
996 1705 1060 1769 nisi
1087 1700 1173 1769 haec
1193 1700 1331 1771 libertas
1354 1700 1467 1790 aliquo
1702 1777 1705 1781 ¹

483 1790 583 1856 modo
605 1785 735 1940 relijaa
756 1801 865 1869 esset,
898 1786 991 1855 nulla
1020 1782 1147 1858 utihtas
1169 1800 1262 1858 esset
1281 1789 1411 1878 Legrun
1432 1800 1466 1856 et
1601 1786 1747 1856 Hieram
1771 1785 1823 1854 10.
1867 1786 1948 1854 Scio
1969 1786 2124 1867 Domine,
2157 1788 2246 1873 quod
2267 1807 2337 1853 non
2363 1799 2419 1855 est
2439 1789 2503 1860 ho·

483 1876 585 1943 totius
608 1877 671 1940 civ·
686 1877 717 1940 is
738 1875 1000 1962 gubernationis
1516 1875 1614 1942 minis
1631 1875 1686 1942 via
1704 1877 1790 1955 eius,
1821 1893 1886 1940 nec
1907 1885 1960 1939 est
1980 1872 2043 1939 siri
2065 1873 2210 1962 dirigere
2231 1895 2371 1961 gressus
2404 1885 2502 1944 suos.

704 2004 706 2008 -
1515 1961 1568 2028 Ex
1583 1962 1651 2027 hoc
1673 1962 1762 2030 dicto
1785 1958 2025 2026 ratiocinantur
2092 1960 2190 2041 'dam
2211 1957 2420 2027 voluntatem
2439 1959 2503 2032 ho·

570 2045 687 2112 Manet
718 2046 818 2133 igitur
849 2042 961 2132 alique
992 2042 1148 2127 libertas,
1204 2067 1269 2116 uae
1300 2041 1380 2113 fons
1411 2055 1465 2114 est
1515 2049 1611 2115 minis
1638 2068 1703 2114 nec
1723 2049 1887 2114 bonarum
1907 2066 1971 2112 nec
1992 2066 2025 2109 m
2174 2049 2340 2114 actionum
2363 2069 2505 2116 oausam

457 2133 730 2219 contingentiae
763 2133 863 2199 etiam
890 2133 1058 2198 actionum
1084 2143 1164 2218 post
1202 2153 1319 2219 upsmn
1341 2132 1463 2220 primo·
1516 2154 1606 2200 esse·
1632 2135 1751 2202 ldeor
1814 2131 1937 2212 ondco,
1956 2130 2097 2218 primum
2115 2131 2252 2217 phrasin
2269 2144 2364 2198 recte
2379 2129 2503 2202 intelli·

482 2240 559 2371 tit
576 2219 1103 2383 itii'ltiittii‘ss‘iit
1119 2219 1464 2371 ”diffiniti
1514 2216 2365 2387 ttittittnifflii‘tffiititffltiti
2375 2223 2505 2376 tiit

483 2411 546 2457 aaa
578 2389 675 2455 aliter
707 2410 829 2477 agere,
860 2402 897 2456 ut
928 2325 1077 2456 haheqin
1104 2326 1262 2478 Physicis
1291 2392 1462 2477 copiosius
1514 2389 1682 2473 Ecclesia,
1705 2392 1834 2459 sivein
1856 2387 1988 2469 Politia,
2010 2324 2140 2457 sivhln
2162 2327 2333 2459 otholia
2395 2330 2430 2375 Ν

485 2474 711 2554 declarantur,
735 2477 791 2542 ubi
813 2488 847 2542 et
894 2477 997 2544 radus
1019 2476 1233 2544 necessitatis
1255 2478 1463 2565 distinguam
1770 2513 1784 2532 ·
2472 2539 2478 2546 .

482 2572 548 2630 tur.
590 2560 665 2627 Etsi
685 2574 796 2629 autem
818 2497 922 2628 muha
949 2575 1068 2630 eontra
1096 2564 1325 2647 disputantur,
1353 2576 1464 2629 maren
1600 2560 1717 2628 Monet
1759 2562 1861 2647 igitur
1900 2559 2079 2647 Propheta,
2122 2574 2159 2628 ut
2201 2572 2236 2628 et
2277 2562 2505 2630 infirmitatem

482 2649 657 2715 rethrenda
678 2659 731 2713 est
752 2669 834 2715 vera
855 2651 1021 2716 sententia
1043 2651 1076 2714 in
1098 2651 1231 2737 scriptis
1254 2647 1465 2735 Propheticis
1514 2662 1664 2718 nostrum
1702 2648 1964 2728 consideremus,
1996 2659 2030 2714 et
2061 2659 2216 2733 petamus
2242 2660 2338 2717 recta
2358 2648 2506 2717 consilia

484 2745 519 2802 et
534 2729 742 2819 Apostolicis
765 2735 897 2814 aedita,
920 2745 955 2801 et
974 2735 1101 2821 puriori
1122 2738 1280 2803 vetustati
1289 2733 1464 2802 Ecclesiae
1515 2736 1613 2803 nohis
1641 2756 1663 2800 a
1683 2733 1760 2804 Deo
1794 2733 1927 2799 ostendi
1960 2743 1994 2799 et
2026 2733 2099 2800 dari
2125 2732 2245 2802 felices
2277 2748 2435 2802 eventus:
2469 2747 2508 2803 et

471 2821 644 2908 probata,
682 2840 769 2906 quae
800 2820 917 2888 Stoica
953 2832 987 2886 et
1018 2820 1219 2889 hlanichaeu
1250 2818 1466 2890 deliramenta
1516 2824 1661 2912 dirigere
1673 2840 1824 2973 ³acessus
1846 2820 2012 2906 siguificat
2032 2830 2139 2904 recta,
2166 2817 2301 2889 loelicia
2321 2832 2356 2889 et
2374 2820 2506 2890 saluu-

484 2926 607 2993 magno
630 2924 800 2972 consensu
822 2907 1034 2991 improbavit.
1077 2905 1285 2993 Explicandu
1307 2919 1387 2976 sunt
1408 2928 1466 2974 au·
1515 2911 1566 2976 ria
1587 2927 1672 2976 cons
1709 2928 1768 2974 ere
1789 2917 1821 2973 et
1840 2925 1955 2993 agere.

483 3002 551 3060 tem
573 2992 735 3080 quaedam
757 2994 926 3060 contraria
947 3007 1155 3081 argumenta.
2332 3043 2335 3048 ·

1602 3078 1665 3146 Est
1684 3079 1786 3165 igitur
1806 3072 1940 3144 fallacie
1957 3097 1979 3142 a
2000 3078 2090 3146 dioto
2113 3080 2298 3146 secundum
2325 3079 2424 3166 quid,
2455 3079 2508 3146 ud

1517 3165 1641 3232 dictum
1663 3161 1867 3250 simpliciter.
1911 3160 2053 3230 Vocatio
2075 3161 2237 3244 Doridis,
2264 3186 2334 3232 non
2355 3177 2411 3231 est
2432 3165 2508 3236 ioe-

930 3324 939 3342 ·
1515 3249 1563 3316 lix
1585 3252 1658 3316 sine
1679 3250 1768 3315 Deo.
1811 3248 1903 3336 Ergo
1936 3248 2046 3316 David
2078 3249 2160 3316 nihil
2192 3251 2273 3337 agit.
2316 3251 2410 3331 ltem,
2432 3250 2507 3318 Da·

859 3324 1088 3408 Primum.
1516 3337 1573 3405 rid
1594 3338 1789 3403 necessario
1811 3336 1899 3423 rapit
1919 3333 2056 3402 alterius
2075 3337 2261 3425 coniugem.
2306 3336 2401 3403 liaeo
2422 3358 2506 3405 esse

1517 3420 1706 3490 deordinata
1737 3419 1947 3490 muisestum
1979 3433 2050 3502 est,
2081 3445 2104 3489 a
2130 3421 2321 3509 particulari
2353 3424 2399 3492 ad
2429 3426 2507 3492 uni·

544 3528 841 3611 naerminano
872 3529 1011 3612 uana
1041 3544 1104 3614 aa
1132 3531 1404 3617 ammarum.
1517 3505 1661 3577 *³⁸³¹*

547 3644 697 3732 Omnia
727 3649 1003 3760 contingentia
1034 3661 1128 3734 sunt
1151 3650 1467 3737 determinatae
1564 3732 1567 3737 .
1606 3677 1842 3746 manderetur
1863 3688 1988 3759 autem,
2019 3680 2076 3746 ubi
2109 3681 2154 3746 sit
2186 3690 2304 3746 nostra
2325 3676 2506 3750 infimitas

605 3768 709 3851 Deo,
1397 3808 1401 3816 ·
1519 3767 1592 3831 sive
1618 3762 1842 3869 imbecillitas,
1866 3763 1955 3829 aliud
1978 3777 2030 3830 est
2053 3763 2173 3831 electio
2195 3767 2229 3831 in
2251 3779 2363 3833 mente
2378 3779 2422 3872 'et
2443 3789 2506 3835 vo·

544 3887 670 4001 Erec
703 3885 870 3994 omna,
907 3917 1013 4001 auae
1043 3890 1164 3996 fiunt,
1195 3903 1291 3975 sunt
1318 3891 1468 3975 immu-
1519 3851 1657 4026 3332,
1672 3848 1958 4003 illitis
1987 3850 2505 4027 iiiiiimrtiffliritdi,

604 4009 744 4093 tabiha
775 4020 818 4093 et
847 4011 1083 4095 necessaria.
1520 4036 1563 4130 et.
1588 3982 1746 4108 los⁹aphat
1775 4022 1963 4108 adiungens
1997 4042 2036 4089 se
2067 4025 2170 4175 impiilrir
2200 4026 2283 4111 regi.
2332 4025 2506 4095 interdum

570 4190 773 4278 Respondeo
807 4193 849 4257 ad
881 4194 1050 4261 maiorem.
1093 4191 1334 4261 Determinauo
1357 4195 1468 4262 divine
1519 4121 1809 4275 1111111111,ῃῖιῖ
1830 4120 2204 4281 3111111111οῶἓὲἱοὶ
2216 4123 2505 4278 thh'helhrr‘rfftffnffi

484 4291 537 4345 cst
556 4275 780 4357 immutabilis,
803 4276 930 4344 scilicet
945 4282 1073 4346 ratione
1089 4283 1359 4365 consequentiae,
1381 4302 1467 4367 quac
1519 4301 1596 4347 men
1618 4282 1745 4348 curatio
1767 4301 1835 4347 non
1862 4283 2016 4365 procedit
2038 4302 2079 4346 ex
2101 4279 2167 4347 alia
2191 4303 2303 4349 causa.
2346 4284 2427 4350 Non
2451 4307 2504 4352 er·

484 4387 521 4431 re
554 4365 630 4448 ipsa
660 4385 728 4429 non
761 4363 859 4429 affert
889 4367 1137 4431 necessitatem.
1180 4365 1224 4431 Et
1249 4363 1346 4433 aliter
1372 4365 1467 4432 Deus
1520 4379 1595 4433 rant
1622 4365 1794 4434 israelitae
1825 4368 1970 4453 punituri
1991 4368 2175 4448 Beniaain,
2208 4380 2242 4436 et
2270 4381 2380 4436 maren
2408 4370 2504 4439 multi

452 4459 466 4481 '
485 4450 683 4517 determinat
712 4453 818 4529 hona,
848 4471 935 4537 quae
957 4448 1040 4532 vult,
1070 4462 1104 4516 et
1104 4471 1212 4603 »ihm
1233 4450 1328 4519 solus
1352 4450 1468 4534 allicit,
1520 4454 1736 4521 trucidantur.
1780 4454 1857 4520 Non
1879 4455 2044 4520 >errabant
2065 4453 2178 4521 ludaei
2209 4457 2409 4523 resistentes
2430 4457 2504 4525 Aa·

483 4547 521 4606 ut
542 4537 822 4602 resurrectionem
850 4548 1072 4618 mortuorum,
1151 4539 1213 4604 'ter
1243 4536 1348 4620 mma,
1381 4560 1468 4626 quac
1518 4541 1644 4621 tiocho,
1678 4552 1712 4606 et
1738 4551 1850 4607 tamen
1873 4560 2015 4628 magnae
2038 4538 2154 4607 clades
2175 4553 2336 4627 acceptae
2356 4556 2437 4609 sunt
2459 4565 2503 4610 ex

483 4643 593 4709 neque
613 4622 686 4689 vult
706 4644 815 4709 neque
837 4620 952 4703 efficit,
973 4624 1034 4691 sed
1075 4624 1223 4691 raevidet
1239 4645 1467 4713 quousqueea
1519 4623 1593 4691 aliis
1616 4627 1740 4705 causis,
1774 4628 1851 4774 ‘huju
1868 4624 1963 4692 Deus
1988 4628 2086 4691 etiam
2108 4629 2257 4712 ipsorum
2278 4641 2419 4713 peccata
2440 4653 2503 4717 pu-

423 4787 425 4791 ,
483 4728 649 4796 passurus
671 4712 725 4788 sit,
745 4723 784 4775 ut
804 4710 1035 4794 praevidetSu
1072 4731 1124 4776 em
1141 4713 1301 4778 ruiturum
1321 4732 1410 4793 esse,
1432 4725 1466 4779 et
1519 4714 1611 4779 nivit.
1666 4712 1735 4778 Sed
1767 4713 1908 4797 purime
1940 4722 2020 4777 sunt
2053 4726 2164 4777 errata
2197 4712 2431 4795 consiliorum,
2464 4726 2502 4780 ut

483 4808 607 4864 metam
630 4798 810 4877 constituit,
832 4798 865 4862 in
887 4818 955 4884 qua
970 4818 1045 4864 eum
1061 4817 1279 4882 repressmus
1301 4799 1357 4880 sit,
1377 4801 1467 4867 sicut
1517 4796 1658 4865 Periclis
1691 4799 1725 4870 iu
1754 4797 1919 4863 movendo
1948 4795 2235 4884 Peloponnesiaco
2268 4797 2371 4881 bello,
2405 4801 2503 4867 Bruti

484 4882 527 4952 do
549 4879 756 4949 Senuaherib
779 4885 916 4950 dicitur:
938 4883 1085 4952 iniiciam
1103 4884 1134 4951 ei
1155 4881 1296 4952 frenum·
1420 4891 1423 4902 '
1519 4895 1552 4950 et
1569 4883 1710 4950 aliorum
1728 4879 2023 4963 innumerabilium,
2044 4896 2081 4950 ut
2098 4885 2217 4951 dicium
2228 4885 2423 4953 Proverhio.
2448 4888 2502 4954 14.

1517 4969 1580 5037 list
1606 4971 1673 5050 via,
1706 4989 1793 5056 quae
1821 4970 1951 5036 videtur
1983 4968 2106 5036 homini
2135 4973 2236 5052 bona,
2268 4973 2365 5040 cuius
2388 4975 2504 5040 novis·

570 5051 662 5119 Talis
707 5056 936 5122 determinatio
969 5055 1132 5123 malarum
1163 5058 1333 5126 actionum
1364 5054 1467 5145 longe
1518 5058 1601 5123 sima
1623 5056 1749 5121 ducunt
1770 5058 1813 5121 ad
1840 5066 1991 5122 mortem.
2034 5055 2077 5123 Et
2097 5055 2266 5145 Theognis
2293 5059 2418 5145 inquit:
2450 5057 2502 5125 ου’-

484 5140 593 5209 diii'ert
613 5162 635 5207 a
652 5142 927 5211 determinatione
942 5145 1089 5229 positiva
1103 5145 1267 5212 bonarum
1286 5144 1466 5212 munuum.
1518 5142 1582 5218 dela
1603 5140 1780 5228 ἀνθρώπων
1807 5146 1886 5208 ἐστὶν
1915 5138 2033 5208 drama
2061 5143 2166 5227 σοφός.
2212 5143 2325 5219 Quare
2348 5147 2504 5212 conside·

1518 5230 1602 5294 ratio
1623 5228 1820 5295 infirmitatis
1842 5239 1992 5307 nostrae,
2015 5229 2056 5296 de
2074 5250 2139 5316 qua
2159 5228 2307 5317 loquitur
2328 5231 2503 5313 ieremias,

570 5311 679 5380 Aliter
695 5316 794 5380 etiam
815 5315 886 5401 agit
907 5324 939 5380 et
961 5315 1157 5382 determinat
1179 5318 1330 5384 actiones
1351 5318 1386 5382 in
1407 5336 1467 5383 vo·
1519 5315 1641 5381 doceat
1661 5335 1725 5381 nos
1747 5313 1909 5404 reguiam.
1954 5315 2114 5382 Subditus
2136 5328 2211 5383 esto
2234 5315 2321 5398 Deo,
2344 5330 2379 5385 et
2401 5339 2504 5405 spera

483 5397 611 5467 luntate
633 5399 811 5481 hominurn,
845 5398 942 5466 aliter
975 5401 1009 5467 in
1037 5413 1168 5482 natura,
1202 5422 1287 5490 quae
1307 5423 1376 5469 non
1397 5403 1468 5491 agit
1519 5401 1553 5467 iu
1576 5422 1668 5481 eum,
1690 5402 1723 5468 id
1746 5417 1809 5481 est,
1830 5398 1885 5467 iac
1907 5403 2102 5467 necessaria
2123 5404 2156 5468 in
2178 5406 2375 5485 vocatione,
2398 5417 2432 5471 et
2453 5406 2504 5471 ni·

482 5482 601 5566 libere,
634 5498 671 5553 ut
692 5488 832 5554 dicitur:
865 5485 980 5553 'l’rahit
999 5485 1108 5568 Deus,
1129 5490 1191 5555 sed
1211 5486 1381 5556 volentem
1400 5501 1467 5555 tra·
1519 5485 1568 5553 hil
1588 5484 1695 5555 socias
1719 5500 1836 5555 contra
1867 5500 2049 5575 praecepta
2069 5486 2161 5569 Det,
2195 5504 2228 5555 ct
2260 5503 2336 5575 pete
2369 5511 2412 5557 ac
2446 5512 2505 5558 ex·

482 5568 544 5654 hit,
600 5572 705 5654 Quia,
736 5595 813 5641 οιιιιι
844 5595 913 5642 ιιοιι
941 5585 1148 5662 optemperat
1178 5574 1292 5643 David
1323 5573 1468 5644 trahenti
1518 5585 1618 5661 pecte
1649 5572 1807 5644 armiliam
1837 5576 1881 5642 ah
1914 5594 1969 5658 eo,
1999 5576 2091 5642 iuxta
2123 5578 2262 5643 dictum:
2295 5575 2507 5647 Commentis
