5892 6709
450 603 517 674 aar
1004 603 1007 609 ’
1076 602 1188 670 run,
1205 602 1310 669 stru.
1328 602 1516 686 scanrn
1531 543 1810 673 comunes,
2030 605 2040 674 1
2398 553 2466 674 aas

450 803 562 860 nmen
584 792 800 870 recentiores,
819 801 1031 877 cumnegant
1050 789 1139 856 hanc
1160 792 1434 876 propositionem,
1468 783 1566 858 'esse
1597 792 1752 859 iustitiam
1783 802 1945 871 nostram,
1979 788 2135 858 videlicet
2164 789 2254 858 hanc
2285 810 2465 875 personam

393 895 396 900 ·
450 877 609 949 Essentia
631 887 821 964 generatur,
844 876 1017 942 offundunt
1038 878 1316 962 imaginationem,
1336 881 1431 1027 paesi
1486 898 1575 962 quae
1602 876 1723 943 liberat
1742 898 1806 944 nos
1828 898 1850 943 a
1870 889 2011 964 peccato
2034 890 2068 943 ct
2090 898 2112 943 a
2133 889 2239 943 morte
2260 893 2409 959 aeterna,
2431 891 2466 947 et

450 961 517 1031 alia
551 965 714 1050 quaedam
748 982 803 1028 res
836 976 1010 1040 nascatur,
1044 974 1078 1026 et
1111 964 1260 1027 essentia
1292 964 1333 1027 ad
1359 976 1434 1028 atur
1485 963 1594 1028 reddit
1610 965 1711 1028 vitam
1733 975 1913 1028 aeternam.
1935 963 2009 1029 llae
2029 964 2253 1049 proprietates
2264 962 2346 1030 nulli
2370 984 2465 1031 crea·

450 1069 519 1117 non
543 1062 644 1128 nata,
669 1048 756 1114 baec
772 1049 963 1133 imaginatio
986 1044 1104 1131 procul
1126 1068 1169 1111 ex
1191 1050 1356 1113 mentibus
1379 1050 1434 1113 eii·
1485 1058 1580 1114 turae
1608 1050 1826 1129 conveniunt,
1857 1047 1949 1133 Ergo
1977 1047 2146 1115 affirmant
2166 1052 2201 1117 in
2221 1050 2349 1118 Massia
2369 1063 2466 1119 natu·

451 1137 571 1202 menda
593 1146 656 1213 est,
679 1146 712 1199 et
733 1134 916 1211 sciendum,
941 1155 1016 1198 cum
1036 1130 1140 1197 Filius
1163 1134 1330 1212 nascitur,
1352 1154 1433 1199 vere
1489 1154 1560 1199 ram
1583 1135 1726 1201 divinam
1749 1145 1782 1201 et
1802 1133 1979 1203 humanam
2000 1155 2092 1201 esse.

450 1242 528 1288 eum
550 1223 593 1287 de
615 1214 762 1284 essentia
789 1218 901 1282 Patris
922 1220 1033 1295 nasci,
1063 1218 1169 1283 etita
1197 1218 1292 1282 nasci
1320 1221 1444 1283 essen-⁸

450 1307 530 1372 tiam
548 1326 634 1391 quae
656 1302 757 1368 Filius
780 1314 844 1380 est,
856 1306 943 1368 sicut
963 1302 1029 1366 boc
1050 1304 1159 1385 ipsum
1181 1304 1304 1368 dictum
1322 1316 1431 1384 sonat,

338 1449 345 1462 .
449 1391 547 1460 Deus
569 1392 612 1457 de
632 1388 718 1468 Deo,
740 1388 867 1454 Lumen
890 1391 932 1454 de
954 1387 1103 1453 Lumine.

1587 1454 1650 1521 nr
1670 1413 1853 1523 numus
1875 1455 2069 1523 narcara
2090 1456 2137 1522 tn
2158 1456 2361 1525 cumsro.

437 1523 507 1633 Γ
535 1528 715 1627 Hac'vera·
733 1561 900 1624 sententia
922 1559 1153 1636 considerata,
1182 1556 1283 1623 facile
1311 1570 1365 1624 est
1383 1563 1432 1626 iu·

450 1648 570 1715 dicium
593 1649 635 1712 de
658 1644 723 1710 illis
747 1647 997 1729 quaestionibus
1020 1645 1252 1720 recentiorum,
1263 1646 1318 1709 ubi
1331 1665 1431 1730 qnae-
1570 1642 1632 1709 Hic
1654 1644 1839 1709 inseramus
1862 1645 2048 1710 doctrinam
2064 1645 2107 1709 de
2129 1646 2257 1711 duabus
2279 1648 2407 1712 naturis
2427 1650 2465 1716 in

347 1779 349 1784 -
449 1744 544 1812 runt,
572 1753 616 1797 an
638 1734 671 1796 in
695 1730 779 1794 Fttto
810 1729 940 1795 differat
967 1727 1112 1808 realiter,
1134 1728 1290 1795 Essentie
1312 1742 1346 1795 et
1367 1730 1432 1795 Re·
1483 1727 1638 1807 Christo,
1667 1732 1744 1813 quia
1765 1731 1799 1793 in
1821 1731 2016 1795 testimoniis
2044 1732 2227 1814 prudenter
2249 1735 2465 1801 consideran·

428 1816 543 1896 latio,
566 1829 663 1882 etan
686 1815 816 1881 Relatio
839 1825 1035 1901 generetur,
1065 1815 1094 1878 si
1116 1815 1262 1879 essentia
1283 1835 1351 1880 non
1374 1836 1431 1901 ge·
1484 1816 1562 1880 dum
1585 1826 1648 1893 est,
1671 1816 1728 1878 ubi
1750 1817 1885 1900 proprie
1907 1815 1949 1880 dc
1972 1817 2083 1881 divina
2105 1828 2239 1896 natura,
2259 1820 2317 1884 ubi
2340 1820 2381 1883 de
2404 1821 2465 1887 hu·

335 1962 346 1984 ,
448 1915 596 1971 neratur.
641 1903 739 1966 Scias
766 1912 883 1965 autem
914 1903 1124 1966 verissimum
1156 1920 1251 1979 esse,
1271 1902 1305 1965 in
1328 1899 1432 1986 quali·
1483 1921 1582 1963 mana
1610 1900 1800 1985 loquantur.
1850 1901 1903 1965 Ac
1930 1902 2069 1985 primum
2097 1914 2197 1967 notus
2224 1915 2277 1967 est
2302 1904 2465 1973 articulus

289 5105 294 5114 ¹
386 5061 400 5085 v
442 5033 506 5098 erit
526 5029 610 5108 Rex,
634 5040 667 5093 et
688 5026 788 5092 saciet
811 5031 967 5095 iudicium
989 5042 1023 5096 et
1044 5032 1211 5108 iustitiam,

449 1992 508 2056 bet
528 2008 684 2071 persona,
711 1986 901 2051 Essentiam
922 2000 956 2051 et
984 1983 1192 2051 Relationem
1223 1998 1431 2072 nequaquam
1482 1985 1587 2063 Fidei,
1609 1986 1699 2069 quod
1721 1983 1824 2050 Filius
1845 1986 1932 2068 λόγος
1953 1985 2129 2051 humanam
2151 2000 2305 2054 naturam
2335 2011 2466 2056 assum·

449 2075 582 2158 dillerre
605 2070 750 2152 realiter,
774 2095 837 2137 nec
861 2091 939 2137 esse
961 2074 1124 2137 duas-res
1146 2071 1333 2136 Essentiam
1356 2071 1430 2136 Filii
1483 2072 1576 2149 serit,
1598 2072 1644 2133 ita
1665 2083 1702 2135 ut
1723 2072 1767 2135 sit
1788 2068 1878 2135 facta
1905 2074 1984 2137 unio
2007 2070 2238 2157 hypostatica,
2266 2096 2328 2140 scu
2349 2088 2387 2140 ut
2408 2075 2465 2143 alii

401 2171 406 2182 ’
449 2170 484 2226 et
504 2158 728 2236 Relationem,
761 2158 832 2222 Sed
860 2178 979 2222 revera
1001 2157 1026 2220 t*
1030 2154 1119 2220 ilium
1142 2150 1220 2222 esse
1251 2160 1431 2222 essentiam
1482 2154 1664 2241 loquuntur
1689 2154 1889 2241 personalis.
1943 2156 2009 2221 lam
2039 2158 2095 2222 hic
2120 2171 2290 2243 repetatur
2314 2162 2463 2228 definitio

343 2292 346 2300 .
449 2246 606 2333 genitam,
629 2265 697 2309 non
720 2242 819 2308 aliam
842 2263 912 2307 rem
934 2263 1013 2307 esse
1035 2254 1157 2307 natant.
1482 2258 1659 2327 personae,
1680 2243 1768 2307 sicut
1787 2241 1915 2307 Latina
1929 2241 2084 2307 Ecclesia
2105 2243 2261 2328 loquitur.
2375 2246 2383 2257 '

535 2414 631 2481 liaeo
649 2435 730 2479 vera
751 2425 842 2492 sunt,
865 2425 899 2476 et
920 2414 1014 2495 pios,
1045 2414 1101 2495 qui
1123 2413 1240 2476 dextre
1267 2409 1354 2476 haec
1375 2432 1430 2478 ac·
1568 2410 1721 2476 Persona
1752 2431 1814 2476 seu
1846 2393 2066 2496 ὄφῖιστάμενον,
2100 2413 2134 2478 id
2162 2407 2225 2494 e'st,
2261 2415 2463 2498 subsistens,

448 2491 592 2585 cipiunt,
614 2498 739 2564 utiliter
761 2501 930 2569 erudiunt,
960 2509 996 2562 ut
1017 2509 1205 2581 agnoscant
1232 2496 1348 2561 Filium
1366 2497 1432 2563 Dei
1483 2509 1537 2562 est
1556 2497 1746 2562 substantia
1772 2497 1950 2576 individua,
1977 2497 2179 2584 intelligenS,
2208 2503 2463 2567 incommunica·
2565 2500 2568 2504 ’

447 2607 529 2653 vere
551 2605 629 2650 esse
653 2588 797 2672 genitam
821 2607 841 2647 a
854 2583 950 2646 Patre
967 2584 1158 2659 essentiam,
1170 2603 1237 2646 non
1261 2584 1344 2647 duas
1363 2604 1430 2663 res,
1484 2581 1571 2661 bilis,
1594 2603 1660 2645 non
1683 2593 1870 2647 sustentata
1890 2586 1924 2648 in
1945 2583 2030 2664 alio,
2059 2599 2095 2650 ut
2118 2585 2237 2650 Petrus
2260 2600 2314 2652 est
2336 2586 2463 2670 ὑφιστά-

447 2692 512 2737 nec
533 2682 659 2735 tantum
682 2669 891 2735 Relationem
914 2680 1025 2731 natam
1045 2687 1134 2730 esse.
1168 2668 1265 2732 biens
1288 2667 1431 2734 humana
1481 2693 1582 2749 μενον,
1604 2688 1673 2731 non
1695 2688 1818 2750 corpus
1840 2669 1945 2750 Petri,
1976 2674 2054 2755 quia
2082 2692 2205 2756 corpus
2228 2673 2395 2737 desertum
2416 2674 2461 2738 ab

448 2759 614 2842 cogitans,
637 2755 761 2820 format
782 2751 958 2838 imaginem
986 2753 1034 2816 rei
1058 2754 1242 2836 cogitatae,
1269 2754 1430 2819 sedaebuic
1481 2755 1591 2818 anima
1613 2773 1692 2819 mox
1715 2752 1921 2834 dissolvitur,
1955 2776 2059 2841 quare
2082 2778 2158 2821 cunt
2190 2754 2281 2823 velut
2310 2769 2463 2844 gestetur

447 2843 582 2928 imagini
605 2863 672 2905 non
696 2841 918 2906 communicat
940 2859 1034 2901 suam
1057 2840 1301 2916 essentiam,ac
1318 2840 1428 2923 imago
1481 2841 1524 2904 ab
1547 2840 1674 2920 anima,
1703 2859 1770 2902 non
1801 2841 1938 2905 dicimus
1962 2839 2072 2906 solum
2095 2862 2217 2925 corpus
2240 2863 2319 2907 esse
2341 2864 2459 2929 perso·

442 2930 523 3012 isa
555 2940 680 2991 tantum
715 2938 769 2990 est
801 2942 1008 2989 evanescens
1042 2926 1141 3001 actio,
1176 2935 1210 2987 et
1242 2944 1309 2986 non
1338 2926 1427 2989 vivit.
1481 2946 1568 2989 nam.
1613 2923 1659 2988 Ut
1686 2935 1795 2989 autem
1823 2924 1935 3012 aliquo
1957 2928 2057 2992 modo
2081 2930 2329 3008 consideretur,
2353 2929 2463 3015 qualis

445 2950 493 3080 lit
521 3025 681 3077 aeternus
709 3012 810 3076 Pater
836 3031 916 3074 sese
944 3012 1094 3094 intuens,
1123 3010 1229 3093 gignit
1254 3008 1428 3094 imaginem
1481 3012 1525 3075 sit
1546 3011 1623 3075 unio
1647 3008 1859 3095 hypostatica
1881 3014 2019 3077 duarum
2041 3026 2232 3079 naturarum
2260 3017 2293 3078 in
2316 3013 2464 3096 Christo,
2523 3088 2531 3098 ,

433 3100 501 3164 ‘sui
521 3095 793 3186 substantialem,
823 3111 856 3159 et
878 3098 1006 3174 vivam,
1033 3096 1074 3158 de
1095 3095 1169 3178 ipsa
1199 3098 1345 3159 essentia
1366 3095 1428 3159 Pa·
1479 3108 1674 3181 repetantur·
1694 3097 1749 3163 hic
1772 3097 1869 3161 etiam
1890 3100 1979 3164 modi
1999 3101 2209 3184 praesentiae
2229 3099 2306 3166 Dei.

446 3186 520 3262 tris,
544 3206 630 3270 quae
653 3198 706 3249 cst
728 3182 872 3264 ὁμούσιος
894 3179 996 3243 Patri.
1045 3178 1139 3242 llaec
1166 3182 1254 3264 apud
1277 3180 1428 3244 Graecos
2085 3185 2088 3192 '
2260 3182 2265 3197 '

442 3266 617 3353 'aliquanto
649 3273 758 3334 minus
791 3270 936 3332 obscure
969 3268 1160 3344 traduntur,
1200 3287 1299 3350 quam
1339 3268 1429 3350 apud

446 3351 595 3421 Latinos.
641 3355 803 3421 0biicitur
824 3366 935 3416 autem
955 3352 1022 3417 hoc
1044 3364 1292 3436 argumentum:

1690 3418 1808 3485 tuom
1829 3418 2139 3514 PRAESENTlAE
2160 3420 2248 3487 DEL

598 3566 717 3649 Idem
746 3594 830 3646 110ss
860 3562 992 3671 gignit
1022 3591 1066 3643 39
1096 3562 1241 3671 ipsum,
1564 3605 1695 3671 Primus
1716 3618 1769 3672 est
1794 3608 1984 3693 praesentia
2005 3603 2229 3690 Universalis,
2261 3630 2328 3694 qua
2349 3610 2462 3692 Pater,

598 3684 783 3767 Essentia
814 3693 877 3762 esi
907 3682 1064 3784 eadem,
1479 3689 1581 3796 Rilius
1604 3704 1637 3756 et
1665 3693 1808 3776 Spiritus
1837 3705 1974 3798 sanctus
1993 3696 2126 3798 'adsunt
2155 3698 2308 3799 omnibus
2331 3710 2461 3762 creatu·

445 3847 448 3854 ·
596 3794 705 3914 Erat
737 3800 911 3886 ,senes
941 3830 1024 3881 ¹1⁰ss
1047 3800 1179 3911 gignit
1201 3799 1425 3882 essentiam·
1478 3776 2078 3933 {initiatis”attila
2096 3782 2305 3933 {inilia
2327 3782 2461 3934 titi

1479 3946 1597 4014 volunt
1629 3971 1688 4014 eas
1723 3911 1937 4016 conservare.
1991 3951 2045 4017 De
2073 3951 2138 4017 hac
2160 3912 2341 4019 universtili
2363 3976 2460 4038 prae·

531 4037 735 4122 Respondeo
763 4035 806 4098 ad
839 4035 1007 4099 maiorem.
1062 4032 1151 4097 idem
1181 4044 1344 4119 quatenus
1375 4044 1427 4098 est
1478 4036 1588 4100 sentia
1619 4036 1738 4100 dicitur
1770 4036 1884 4101 lercm.
1917 4035 1971 4101 33.
2026 4036 2166 4104 Coelum
2194 4052 2227 4104 et
2249 4052 2368 4104 terram
2391 4060 2459 4127 ego

444 4118 768 4198 incommunicabile,
790 4142 857 4183 non
881 4122 996 4206 gignet
1018 4138 1113 4196 sese,
1145 4121 1204 4182 sed
1227 4121 1425 4205 idem-quod
1478 4120 1610 4205 impleo.
1661 4120 1704 4185 Et
1737 4122 1859 4186 Esaiae
1892 4122 1944 4187 66.
1990 4122 2130 4189 Coelum
2162 4128 2261 4190 seties
2294 4146 2384 4204 mea,
2426 4137 2461 4192 ct

445 4224 498 4278 est
521 4205 796 4275 communicabile
816 4207 1074 4288 communicatur
1085 4207 1209 4290 genito.
1231 4204 1294 4269 Est
1315 4217 1424 4269 autem
1476 4217 1565 4270 terra
1598 4204 1782 4273 scabellum
1814 4209 1933 4294 pedum
1956 4230 2114 4276 meorum.
2157 4210 2245 4276 Esse
2272 4224 2379 4276 autem
2403 4232 2459 4277 se·

445 4298 594 4364 essentia
617 4288 913 4370 communicabilis,
925 4290 1016 4376 Ergo
1030 4291 1289 4357 communicatur
1300 4292 1424 4375 genito.
1476 4289 1659 4376 parabilem
1682 4290 1769 4360 banc
1791 4297 2014 4379 praesentiam
2037 4294 2247 4361 manifestum
2270 4308 2322 4361 est
2343 4298 2376 4361 in
2400 4298 2458 4363 de·

1477 4380 1661 4442 structione
1694 4401 1827 4461 rerum,
1870 4381 1945 4447 ideo
1978 4384 2065 4446 enim
2097 4383 2335 4463 destruuntur,
2379 4386 2460 4470 quia

496 4521 498 4525 ,
530 4481 704 4547 Addamus
732 4490 842 4544 autem
865 4479 907 4542 de
930 4479 1061 4543 duabus
1083 4480 1210 4545 naturis
1232 4480 1266 4542 in
1288 4476 1423 4543 Christo
1475 4461 1571 4530 Deus
1593 4484 1652 4529 088
1673 4466 1794 4532 dlutius
1815 4487 1883 4533 1101!
1906 4478 2105 4579 conservat·-

443 4579 479 4635 at
498 4566 566 4632 hoc
587 4569 810 4632 testimonium
832 4565 990 4630 ieremiac
1012 4564 1064 4629 23.
1088 4577 1122 4628 et
1143 4565 1196 4630 33.
1219 4565 1424 4629 Exuscitabo
1775 4628 1779 4636 ,

441 4654 555 4722 David
578 4654 876 4739 germen'iustum,
898 4662 931 4716 et
953 4653 1107 4735 regnabit
1128 4673 1206 4729 rex,
1230 4662 1263 4715 et
1284 4650 1351 4715 hoc
1374 4662 1426 4714 cst
1497 4708 1500 4715 ,
1564 4634 1740 4701 Secundus
1763 4638 2365 4723 111θᾶ115θδῖΡΓᾶθδθΰῖῖἃῑΠῧθᾶῑῑδ,
2390 4660 2458 4724 (1¹1³

441 4777 565 4824 nomen
587 4776 655 4841 quo
678 4758 847 4821 vocabum
869 4777 942 4820 eum
960 4739 1047 4821 ,Ἧι-Ρ
1072 4756 1195 4818 iustitia
1218 4763 1344 4829 nostra,
1361 4754 1424 4837 Pri,
1476 4740 1544 4784 non
1577 4721 1704 4824 teritum
1738 4735 1980 4787 conservantur
2013 4727 2231 4803 substantiae,
2264 4725 2324 4788 sed
2357 4726 2459 4789 etiam

441 4882 532 4929 mum
566 4880 642 4924 cum
673 4860 819 4924 nominat
852 4824 1180 4944 gemenfflavidis,
1208 4855 1354 4943 'oquitur
1384 4855 1425 4920 de
1477 4819 1738 4871 communicatur
1755 4795 1876 4885 beatis,
1905 4805 1979 4887 lux,
2009 4813 2182 4895 sapientia,
2206 4812 2340 4888 iustitia,
2362 4809 2457 4875 lacti-

826 4946 833 4963 ,
1477 4894 1523 4956 tia
1546 4892 1626 4964 Det,
1649 4904 1681 4956 et
1704 4893 1798 4986 Deus
1826 4891 1998 4958 visibiliter
2025 4898 2057 4959 iu
2080 4899 2129 4960 eis
2152 4899 2264 4977 adest,
2295 4898 2385 4962 Sicut
2408 4898 2457 4961 in·

440 4946 586 5012 humana
607 4955 743 5021 natum’
769 4943 902 5009 Dfflss‘le
929 4947 970 5008 de
999 4965 1162 5029 P⁰⁹⁵⁰¹¹³⁹
1191 4944 1257 5009 ¹¹⁰⁰
1288 4962 1424 5029 germen
1476 4979 1546 5063 quit
1572 4976 1713 5042 Paulus:
1747 4980 1818 5043 Erit
1847 4979 1943 5045 Deus
1968 4984 2075 5047 omnia
2098 4985 2130 5047 in
2155 4985 2319 5061 omnibuS,
2342 4995 2457 5047 osten·

629 5116 637 5134 .
709 5116 716 5131 .
818 5117 825 5134 .
906 5137 915 5148 ,,
972 5118 981 5135 .
1119 5118 1126 5133 .
1226 5041 1257 5093 et
1277 5047 1424 5114 P⁰f⁸⁰¹¹³
1477 5066 1523 5127 dit
1545 5084 1583 5127 se
1607 5066 1655 5127 eis
1679 5077 1712 5128 et
1744 5064 1840 5131 simul
1873 5068 1987 5145 adest,
2020 5079 2053 5131 et
2081 5080 2172 5132 creat
2202 5072 2235 5132 in
2262 5071 2310 5132 eis
2333 5089 2457 5133 novam

440 5118 527 5184 hm
548 5117 790 5193 mmmmm*
817 5118 851 5204 ld
880 5127 949 5195 ω’
972 5120 1182 5181 ¹¹¹V⁰⁰⁰bm¹s
1205 5128 1238 5181 ‘³¹'
1259 5133 1424 5202 ³3³⁰⁸⁰⁰'
1476 5150 1681 5233 sapientiam,
1704 5152 1870 5231 iustitiam,
1894 5151 2063 5232 laetitiam,
2090 5165 2122 5218 et
2143 5154 2230 5218 alios
2257 5166 2368 5218 motus
2391 5153 2457 5238 ipsi
2541 5206 2544 5209 ,

441 5232 495 5287 tur
517 5240 597 5286 2⁸⁸⁸
629 5204 717 5313 lllt'l'
747 5218 870 5282 lusisti&
891 5230 1017 5284 ⁰⁰⁸³&
1062 5219 1124 5283 Ηῑθ
1153 5206 1265 5285 *libuli
1287 5216 1422 5283 Chllsw
1475 5235 1674 5300 coulormes
1719 5236 1913 5325 Quanquam
1946 5251 2055 5304 autem
2089 5241 2174 5304 beati
2204 5263 2271 5305 non
2295 5241 2456 5304 deserun-

440 5343 563 5390 nomen
592 5323 733 5401 lcbova,
762 5324 853 5407 quod
882 5321 945 5386 soli
976 5321 1058 5385 Deo
1074 5323 1244 5398 tribuitur,
1271 5332 1305 5386 et
1331 5322 1423 5386 addit
1475 5333 1543 5400 tur,
1580 5334 1687 5387 tannen
1709 5323 1820 5403 Deus,
1855 5340 1889 5389 et
1917 5322 2058 5412 angelus
2088 5327 2226 5405 beatus,
2262 5347 2324 5390 seu
2353 5326 2454 5390 homo

442 5405 612 5474 Christum
634 5408 746 5476 facere
769 5408 924 5474 iudicium
948 5420 980 5471 et
1004 5408 1176 5483 iustitiam,
1209 5409 1335 5490 idest,
1363 5431 1421 5492 pu·
1474 5409 1607 5487 beatus,
1629 5431 1696 5475 non
1718 5421 1796 5476 sunt
1816 5432 1917 5478 unum
1943 5412 2160 5497 ὑφιστάμενον,
2190 5414 2251 5477 sed
2278 5414 2375 5478 adest
2404 5414 2453 5479 eis

392 5508 396 5517 ·
441 5494 516 5559 nire
536 5497 666 5581 impicS,
688 5508 722 5562 et
743 5497 884 5561 reddere
906 5495 1061 5560 iustitiam
1084 5495 1307 5561 credentibus.
1339 5494 1421 5560 ltem
1473 5495 1645 5563 societate.
1926 5525 1931 5533 ·
