5892 6709
423 2195 425 2200 ·
501 2283 503 2287 .
603 2117 1205 2270 REFUTATIO
1266 2107 1662 2474 1)Αᾶὥῇἓῖ
1665 2119 1827 2269 UM
1931 2122 2357 2274 COENAE

1118 2613 1169 2681 Ex
1191 2614 1347 2686 Editiona
1367 2613 1618 2702 Witebergensi
1640 2617 1718 2682 anni
1739 2591 1835 2685 15'49.

546 2914 622 2996 nu
652 2911 760 2999 usu
793 2899 1022 2998 ruruoru
1053 2910 1422 2998 anonumum
1445 2907 1724 3000 coneoms
1741 2913 1812 2997 nr
1831 2912 2136 3004 sunumms
2165 2914 2410 3006 urmrsru

561 3229 705 3309 Quidam
727 3223 953 3299 vociferantur
973 3251 1037 3297 nos
1060 3231 1102 3297 de
1117 3251 1156 3295 re
1176 3252 1244 3297 non
1265 3233 1458 3298 necessaria
1581 3238 1842 3325 Accedamus
1870 3241 1993 3353 igitur
2022 3243 2077 3325 ud
2107 3235 2214 3327 hmo
2242 3273 2429 3330 mmm·
2467 3281 2476 3286 .

469 3317 621 3408 litigare,
645 3341 718 3385 cum
742 3321 785 3384 de
805 3317 869 3385 hac
891 3319 1079 3384 ceremonia
1101 3315 1458 3404 restituendaagimus,

470 3420 504 3474 et
531 3419 721 3492 queruntur
753 3403 878 3471 frustra
904 3407 1031 3471 moveri
1053 3403 1232 3471 certamine
1254 3416 1288 3470 et
1308 3401 1456 3470 dissidia.
2150 3445 2155 3456 ·

468 3492 512 3558 lli
536 3494 650 3559 sciunt
670 3512 735 3556 nos
752 3490 808 3555 hic
829 3511 896 3556 uon
919 3483 961 3556 de
981 3490 1095 3576 parvis
1117 3487 1219 3556 rebus
1242 3492 1457 3570 contendere,
1592 3481 1639 3556 Ut
1659 3487 1823 3558 Dominus
1845 3505 1962 3559 noster
1983 3493 2076 3559 lesus
2099 3487 2254 3560 Christus
2275 3483 2402 3582 inquit:
2424 3479 2498 3563 lte

469 3600 547 3644 cum
583 3578 626 3652 de
660 3577 870 3642 restitutione
893 3574 996 3641 liuius
1018 3577 1226 3642 ceremoniae
1246 3578 1389 3662 agimus,
1413 3578 1456 3641 si·
1506 3577 1629 3642 siderio
1648 3577 1837 3644 desideravi
1859 3577 1925 3645 hoc
1946 3579 2074 3663 pascha
2084 3581 2285 3645 manducare
2295 3583 2508 3663 vobiscum,

468 3661 539 3729 mul
563 3661 730 3729 docemus
752 3649 927 3726 Ecclesiae
961 3657 1002 3727 de
1034 3677 1115 3726 vero
1143 3682 1206 3728 usu
1229 3661 1456 3727 sacramento
1506 3659 1644 3746 cupiens
1677 3660 1832 3728 videlicet
1858 3663 1923 3729 itm
1946 3663 2102 3730 exbibete
2123 3668 2265 3753 pignota
2286 3667 2341 3750 sui
2363 3670 2495 3735 amoris

467 3771 556 3828 rum,
580 3761 613 3814 et
638 3747 680 3814 de
702 3743 891 3814 exercenda
913 3741 993 3812 tide:
1015 3741 1094 3813 ltcm
1131 3743 1172 3811 de
1190 3739 1381 3811 luentibus
1399 3745 1456 3812 ab·
1506 3745 1589 3834 e'rga
1610 3761 1685 3827 noe,
1707 3759 1740 3813 et
1761 3739 1889 3815 iuturus
1912 3749 2046 3816 victima
2090 3771 2128 3815 ru
2149 3749 2332 3819 nobist'ita
2352 3765 2422 3819 nos
2441 3751 2496 3820 ltr-

468 3837 589 3901 usibus
614 3832 753 3900 Missae.
798 3827 992 3914 Postremo,
1014 3828 1072 3899 illa
1092 3767 1290 3898 'lbesislric
1310 3832 1456 3897 contine·
1531 3833 1598 3901 enti
1620 3833 1785 3900 desiderio
1808 3836 2010 3922 accipiamus
2032 3771 2179 3903 oblatum
2207 3833 2426 3921 beneficium,
2459 3849 2496 3906 et

468 3936 541 3988 turc
565 3922 620 3987 An
645 3919 747 3986 liceat
766 3917 955 3985 hominibus
977 3933 1116 4000 mutere,
1138 3939 1199 3985 seu
1210 3905 1348 3984 abolere
1359 3919 1456 3984 ritutu
1504 3856 1604 3986 buius
1637 3911 1791 3986 beneficii
1814 3917 2073 3988 Sacramentum.
2102 3917 2147 3987 Ut
2168 3933 2277 3989 autent
2291 3929 2496 3991 reverenter

467 4006 648 4074 aCbristo
682 4009 877 4073 institutum.
920 4006 1013 4071 Ero
1044 4026 1102 4070 res
1124 4026 1262 4091 magnas
1284 4006 1338 4070 hic
1367 4026 1456 4070 corn·
1505 4018 1637 4073 utamur
1659 4005 1887 4086 Sacramento,
1909 4029 1995 4074 voce
2006 4007 2130 4075 Christi
2153 4011 2435 4096 obtemperemus,
2459 4025 2495 4077 et

466 4091 658 4178 plectimur,
681 4094 819 4159 dicimus
843 4091 885 4157 de
907 4109 971 4158 usu
1015 4105 1292 4170 aeramentorum,
1315 4093 1357 4156 dc
1378 4083 1455 4156 hor·
1506 4089 1675 4159 discamus
1698 4093 1866 4176 quomodo
1887 4093 1994 4178 prosit
2020 4097 2084 4179 piis
2105 4097 2271 4161 urentibus
2292 4100 2495 4162 Sacramen-

467 4178 620 4245 ribilibus
643 4181 808 4245 abusibus
820 4173 958 4257 Missae,
982 4192 1015 4242 et
1038 4179 1080 4242 de
1091 4187 1258 4264 potestate
1268 4169 1454 4241 Ecclesiae.
1478 4227 1480 4250 .
1505 4189 1586 4244 tuor.
1630 4169 1724 4243 llaec
1756 4182 1879 4264 'augent
1909 4189 2021 4245 vetain
2048 4181 2279 4264 reverentiam.
2323 4173 2413 4247 Sunt
2432 4191 2495 4249 au·

466 4266 552 4330 Nam
571 4265 639 4330 hue
660 4277 738 4331 suut
762 4284 898 4341 causae,
934 4285 994 4329 cur
1016 4264 1199 4328 adversarii
1221 4263 1349 4327 restitui
1371 4263 1455 4325 inte·
1505 4277 1571 4329 tem
1594 4276 1674 4329 nota
1695 4265 1801 4327 verba
1822 4262 1995 4351 Evangelii
2018 4268 2061 4331 de
2081 4267 2298 4332 institutione.
2328 4257 2373 4332 Et
2396 4288 2494 4332 man·

467 4372 563 4438 grum
586 4371 687 4416 nsum
710 4349 914 4417 sacramenti
936 4345 1052 4414 nolint.
1097 4347 1254 4427 Primum,
1276 4348 1353 4433 quia·
1368 4347 1455 4412 Pon·
1477 4371 1481 4442 j
1507 4351 1619 4415 datum
1641 4350 1732 4414 addit
1747 4347 1916 4414 Christus:
1938 4350 2012 4418 Hoc
2032 4350 2134 4417 facite
2156 4354 2197 4417 ad
2215 4353 2494 4420 recordationem

467 4436 646 4502 tificum'et
671 4436 915 4521 Episcopomm
936 4436 1144 4501 autoritatem
1165 4431 1380 4518 amplificant,
1401 4434 1454 4498 bis
1478 4447 1481 4528 t
1505 4438 1580 4501 mci.
1624 4434 1718 4500 lubet
1740 4455 1802 4499 nos
1825 4436 1910 4500 idem
1928 4434 2042 4501 fucere
2064 4440 2154 4524 quod
2175 4436 2255 4503 fecit
2275 4441 2362 4523 ipse.
2393 4438 2491 4527 Ergo

466 4523 566 4588 tribui
588 4520 711 4587 volunt
727 4532 927 4606 potestatem
949 4520 1097 4586 mutandi
1119 4541 1174 4585 res
1187 4521 1352 4585 institutas
1374 4520 1455 4584 divi·
1478 4557 1481 4592 r
1507 4522 1583 4586 dato
1606 4539 1692 4606 pane
1714 4532 1747 4584 et
1768 4521 1846 4586 vino
1868 4524 1901 4587 in
1914 4541 2019 4588 coena
2029 4521 2176 4604 Domini,
2197 4525 2396 4590 exhibentur
2414 4546 2493 4590 cor·

466 4611 570 4688 nitus,
593 4609 759 4673 condendi
772 4625 880 4673 novos
903 4603 1022 4680 cultus
1044 4615 1078 4669 et
1098 4626 1187 4671 nova
1208 4607 1374 4693 dogmata.
1397 4604 1455 4670 vt·
1505 4626 1569 4693 pus
1592 4618 1624 4671 et
1647 4607 1785 4692 sanguis
1807 4603 1952 4672 Domini.

466 4696 545 4762 dent
567 4695 647 4759 item
672 4695 855 4759 doctrinam
878 4713 989 4757 veram
1012 4692 1055 4755 de
1076 4712 1141 4758 usu
1163 4691 1454 4778 sacramentorum

402 4791 404 4801 '
464 4801 619 4868 pugnare
640 4801 717 4845 cum
740 4781 900 4845 abusibus
916 4776 1109 4857 Missurum,
1131 4778 1219 4843 hunc
1240 4790 1351 4842 autem
1372 4797 1454 4861 quo-
1591 4777 1648 4841 Sic
1680 4788 1790 4843 autem
1821 4777 1958 4861 prodest
1991 4781 2220 4862 conscientiis,
2248 4800 2321 4847 cum
2345 4795 2494 4870 agentes

465 4887 532 4953 quo
555 4867 660 4931 modo
685 4866 827 4930 obruere
850 4877 1023 4930 conantur.
1067 4862 1237 4950 Rogamus
1255 4874 1365 4928 autem
1378 4863 1453 4946 pios
1503 4865 1737 4949 poenitentiam
1761 4864 1900 4929 credunt
1911 4862 2077 4931 Christum
2095 4864 2218 4933 factum
2241 4885 2319 4932 esse
2339 4861 2493 4934 hostiam

462 4951 633 5033 lectores,
667 4964 705 5016 ut
734 4952 895 5038 cogitent,
928 4960 1086 5035 quantum
1107 4949 1236 5015 intersit
1267 4945 1453 5027 Ecclesiae,
1504 4969 1565 5034 pro
1588 4960 1742 5034 peccatu,
1765 4961 1798 5013 et
1820 4961 1958 5035 accepto
1982 4950 2047 5017 hoc
2091 4953 2220 5038 ignore,
2243 4953 2340 5018 iidem
2354 4955 2494 5020 exusci-

464 5051 581 5105 extare
613 5037 812 5123 explicatum
844 5038 1029 5101 doctrinam
1063 5037 1105 5099 de
1126 5056 1209 5101 vero
1230 5055 1294 5099 usu
1316 5046 1350 5099 et
1369 5030 1455 5101 utili·
1504 5046 1586 5113 tant,
1608 5056 1650 5100 ac
1672 5036 1811 5099 credunt
1832 5035 1896 5101 sibi
1917 4974 2227 5122 propterghristum
2250 5040 2395 5124 ignosci,
2417 5063 2492 5106 cre·

463 5138 539 5203 tate*
555 5124 871 5204 Sacramenta-um,
905 5121 946 5187 de
974 5122 1064 5186 veris
1098 5122 1263 5186 exercitiis
1286 5119 1379 5200 fidei,
1412 5122 1454 5185 de
1504 5122 1588 5186 dunt
1607 5121 1649 5185 ad
1672 5140 1709 5184 se
1731 5121 1897 5206 pertinere
1919 5122 2080 5189 beneficia
2093 5124 2227 5203 Christi,
2244 5144 2282 5188 se
2305 5124 2493 5192 consolan-

462 5225 632 5298 potestate
656 5206 844 5276 Ecclesiae.
887 5208 931 5273 Et
963 5203 1238 5296 assuefaciendue
1272 5217 1349 5272 sunt
1379 5206 1454 5291 piae
1504 5219 1569 5285 tur,
1601 5218 1633 5271 et
1654 5220 1757 5292 agunt
1780 5207 1905 5292 gratias
1930 5231 1993 5294 pro
2026 5211 2186 5275 immenso
2215 5210 2383 5276 beneficio
2412 5209 2495 5294 Dei,

461 5312 606 5375 mentes,
632 5309 669 5362 ut
691 5298 796 5363 verbo
809 5291 887 5373 Dei,
909 5313 977 5359 non
999 5289 1154 5359 humanis
1171 5293 1379 5377 opinionibus
1401 5312 1452 5356 re·
1503 5293 1605 5378 idque
1627 5290 1796 5362 celebrant
1817 5295 1849 5358 in
1872 5293 2098 5376 confessione,
2120 5315 2206 5382 quae
2223 5297 2357 5381 quidem
2382 5301 2418 5365 in
2440 5313 2493 5366 to·

462 5386 496 5470 gi
520 5382 621 5448 fidem
649 5395 681 5448 et
705 5401 808 5467 opera
831 5391 959 5458 curent,
982 5392 1018 5443 ut
1039 5392 1179 5466 agentes
1199 5401 1272 5445 cum
1295 5377 1383 5457 Deo,
1405 5378 1453 5442 ui·
1503 5389 1537 5443 ta
1559 5380 1628 5444 vita
1648 5375 1762 5443 lucere
1784 5380 1898 5444 debet:
1931 5380 2015 5447 Num
2037 5401 2153 5446 omnes
2174 5382 2328 5448 actiones
2350 5385 2387 5448 iu
2411 5386 2484 5452 vitu

461 5481 574 5535 tantur
598 5480 696 5535 certe
718 5470 822 5534 verbo
843 5465 921 5547 Dei,
944 5466 1031 5531 sicut
1051 5465 1157 5552 inquit
1176 5463 1306 5532 Davidr
1329 5464 1452 5529 Lucer-
1504 5465 1613 5529 onmia
1636 5466 1817 5529 certamina
1839 5464 1871 5529 in
1884 5468 2131 5618 gubernatione
2140 5465 2372 5552 Reipublicae·
2385 5482 2422 5537 et
2442 5451 2495 5539 lus

1871 5573 1890 5617 e

460 5577 504 5621 na
525 5555 674 5641 pedibus
697 5556 778 5620 meis
801 5555 939 5622 verbum
961 5564 1064 5620 tuum.
1503 5547 1623 5629 miliae,
1645 5550 1767 5617 debent
1790 5570 1830 5615 eo
1853 5572 1870 5615 r
1905 5553 1983 5633 erri,
2004 5566 2040 5619 ut
2063 5564 2226 5620 testentur
2246 5573 2312 5620 uos
2322 5570 2424 5622 recte
2433 5578 2496 5652 co·
