5892 6709
472 593 512 661 u
1094 535 1547 658 PfflL.tfflLschTlt
1572 586 1854 656 oocuancs
2152 571 2155 577 ’
2443 594 2488 669 ιι

555 775 686 843 'l'ertius
708 797 792 842 usus
826 788 879 842 est
899 777 936 841 in
957 779 1095 876 renptis,
1120 778 1243 843 docere
1263 779 1321 862 qui
1339 775 1449 844 cultus
1502 777 1565 840 nisi
1587 774 1645 840 liat
1666 776 1819 841 remissio
1840 763 1977 860 prepter
1997 774 2226 843 ldediatorem.
2263 778 2351 844 Nam
2371 793 2403 846 et
2428 731 2511 848 bio-

360 925 374 946 ,
469 862 626 951 placeant
656 860 751 941 Deo,
780 863 862 947 ¹quia
888 863 951 926 etsi
978 863 1125 927 huruuua
1146 864 1229 927 ratio
1252 866 1316 928 scit
1337 860 1449 948 aliquo
1502 872 1617 926 reatus
1637 862 1672 925 iu
1687 860 1779 946 Lege
1799 860 1988 939 includitur,
2011 863 2102 927 iuxta
2120 864 2261 928 dictum:
2281 861 2485 934 Maledictus

469 950 764 1016 modo'discrimen
785 946 1002 1012 honestorum
1025 960 1058 1011 et
1080 951 1234 1030 turpium,
1261 961 1370 1013 tamen
1393 971 1449 1013 ne·
1502 948 1620 1023 omnis,
1672 949 1705 1011 ui
1727 968 1794 1011 non
1816 948 1981 1011 manserit·
1996 949 2029 1010 in
2051 950 2220 1027 omnibus,
2249 969 2334 1034 quae
2356 953 2485 1037 scripta

470 1032 1450 1117 esseest,baberetestimoniumltetexp-essu111,quaa
1502 1034 1633 1095 suntin
1687 1051 1760 1116 ege.
1827 1029 1869 1094 Et
1891 1032 1961 1096 Lex
1985 1045 2078 1097 esset
2099 1035 2208 1097 inanis
2237 1037 2385 1114 sonitbs,
2418 1037 2484 1102 uisi

470 1141 574 1206 opera
594 1120 659 1202 ipsi
680 1115 844 1203 placeant,
864 1120 956 1182 iuxta
978 1119 1100 1182 dictum
1121 1116 1307 1183 Ezechielis
1328 1118 1382 1182 20.
1412 1118 1447 1182 ln
1500 1114 1705 1181 horribilium
1718 1137 1898 1199 poenarum
1915 1120 2124 1183 comminatio
2142 1120 2256 1183 addita
2272 1131 2376 1199 esset,
2394 1142 2484 1208 qima

469 1206 658 1293 praeceptis
681 1206 763 1268 meis
780 1200 955 1269 ambulate.
1016 1202 1098 1267 ltem
1126 1206 1160 1267 in
1181 1202 1272 1267 Psal.
1295 1203 1449 1268 Lucerna
1501 1203 1615 1266 ordine
1637 1203 1792 1266 divinitus
1814 1203 1943 1268 sancito
1965 1215 2160 1288 sequuntur,
2180 1205 2244 1269 nisi
2265 1218 2424 1291 quantiam
2446 1206 2484 1273 fit

469 1291 611 1376 pedibus
644 1289 726 1353 meis
757 1291 898 1355 verbum
924 1301 1027 1353 tuum.
1091 1288 1164 1352 Nec
1186 1301 1298 1353 cessat
1324 1290 1357 1352 in
1380 1300 1450 1353 tota
1501 1288 1661 1373 mitigatio
1686 1289 1854 1367 divinitus,
1875 1300 2013 1373 propter
2034 1288 2262 1355 blediatorem.

470 1372 666 1442 aeternitate
681 1374 738 1439 bic
758 1376 854 1452 ordo,
886 1385 922 1438 ιιι
944 1384 1095 1438 areauna
1117 1372 1286 1439 rationulis
1305 1375 1350 1437 sit
1369 1376 1448 1438 sub-

470 1464 557 1528 iecta
578 1459 654 1524 Deo
676 1462 829 1540 creatori,
850 1469 884 1524 et
904 1458 949 1522 sit
970 1459 1001 1522 ei
1015 1455 1206 1523 coufomris.
1251 1459 1343 1537 ltem,
1365 1479 1449 1523 sem·
1588 1453 1839 1520 Consideranda
1871 1468 1924 1521 est
1952 1458 2053 1543 igitur
2085 1455 2277 1543 explicatio,
2311 1460 2345 1523 in
2367 1459 2482 1525 mnni-

469 1567 531 1632 per
561 1547 596 1610 in
627 1547 752 1609 renatis
782 1547 815 1609 in
844 1546 909 1609 bac
941 1545 1010 1608 vita
1042 1564 1197 1609 crescere
1214 1546 1449 1627 poenitentiam
1501 1541 1590 1605 tione
1624 1542 1712 1626 apud
1745 1540 1933 1607 lohannem.
1977 1542 2104 1608 Nostra
2142 1541 2286 1608 definitio
2320 1565 2483 1628 expresse

470 1642 619 1715 oportet,
652 1631 728 1700 ideo
760 1650 892 1711 semper
909 1630 1019 1713 arguit
1040 1628 1109 1692 Lex
1127 1628 1286 1715 reliquias
1308 1630 1448 1713 peccati.
1501 1629 1618 1692 eadem
1639 1627 1793 1692 continet.
1859 1625 2039 1692 Peccatum
2066 1639 2119 1693 est
2141 1625 2292 1695 defectus
2311 1630 2365 1695 vel
2388 1631 2482 1698 incli-
2547 1636 2553 1642 '

471 1718 583 1791 Quare
610 1735 743 1801 semper
769 1717 803 1779 iu
824 1711 979 1779 Ecclesia
995 1713 1092 1779 Deus
1114 1718 1327 1780 conservarit
1344 1726 1375 1779 et
1397 1735 1449 1779 re-
1501 1715 1601 1791 natio,
1625 1708 1679 1778 vel
1700 1715 1918 1779 actiocontra
1934 1712 2060 1800 Legem
2076 1711 2153 1793 Dei,
2177 1713 2482 1798 offendensDeum,

471 1803 588 1888 petivit
609 1820 727 1865 vocem
748 1798 864 1885 Legis,
886 1812 920 1864 et
937 1796 1034 1863 simul
1056 1801 1169 1864 docuit
1190 1803 1222 1865 in
1251 1799 1448 1886 Evangelio,
1501 1811 1534 1862 et
1563 1818 1769 1880 commereus
1801 1799 1884 1864 iram
1916 1812 2103 1879 aeternam,
2144 1801 2208 1866 nisi
2238 1799 2296 1867 liat
2327 1804 2481 1882 remissio

471 1888 638 1973 quomodo
671 1883 806 1971 placeat
832 1884 988 1949 inchoata
1011 1886 1209 1950 obedientia.
1254 1886 1317 1950 Est
1339 1897 1449 1950 autem
1472 1909 1478 1936 ι
1501 1897 1640 1969 propter
1662 1882 1780 1956 lilium
1800 1884 2029 1950 Mediatorem.

470 1970 642 2057 singulare
671 1972 906 2047 testimonium,
939 1972 1122 2034 ostendeus
1146 1968 1252 2037 solius
1274 1970 1452 2036 Ecclesiae
2031 1985 2036 1997 “

471 2059 655 2124 doctrinam
679 2076 791 2120 veram
814 2068 845 2120 et
868 2056 1011 2119 divinam
1033 2075 1123 2133 esse,
1145 2068 1178 2119 et
1200 2056 1307 2121 solam
1331 2055 1448 2121 Eccle-

459 2135 553 2209 'siam
576 2163 652 2207 esse
682 2154 813 2207 coetum
841 2141 916 2205 Deo
938 2137 1134 2222 placentem,
1157 2145 1246 2225 quod
1268 2155 1393 2206 tantum
1415 2144 1448 2204 in

470 2248 512 2294 ea
533 2248 604 2292 sem
628 2248 664 2291 er
685 2230 806 2291 mansit
834 2240 866 2290 et
895 2239 1005 2291 manet
1032 2228 1223 2308 incorrupta
1244 2250 1315 2294 von
1332 2228 1448 2312 Legis,

470 2315 549 2399 quia
628 2326 640 2376 t
660 2313 756 2376 Deus
774 2314 806 2375 in
828 2309 984 2375 Ecclesia
1005 2325 1133 2376 restare
1154 2314 1309 2377 iudicium
1332 2314 1448 2377 adver-
1515 2361 1518 2368 .

470 2420 531 2465 sus
562 2412 721 2482 peccata,
755 2399 875 2463 deinde
897 2409 930 2462 et
952 2398 1153 2475 doctrinam,
1186 2419 1271 2483 quae
1294 2419 1396 2482 opera
1418 2399 1448 2462 el

469 2482 642 2570 placeant:
675 2483 768 2561 ltem,
800 2484 876 2548 ideo
899 2503 1109 2560 renovamur,
1141 2484 1232 2547 utin
1255 2494 1325 2547 tota
1341 2495 1449 2547 aeter·
1588 2481 1696 2543 Prima
1718 2493 1788 2557 est,
1821 2477 1999 2545 Peccatum
2027 2478 2116 2544 aliud
2150 2484 2336 2546 nominatur
2371 2482 2479 2568 Origi-

1635 2247 1751 2349 Quae
1782 2261 1878 2331 suut
1906 2247 2122 2331 divisiones
2154 2249 2343 2331 Peccati?
2410 2295 2414 2304 ·

352 2612 355 2616 -
470 2571 574 2634 nitate
607 2571 650 2631 sit
682 2571 715 2631 in
737 2562 834 2633 n'obis
857 2565 1071 2631 conformitas
1094 2588 1168 2631 curu
1189 2568 1283 2645 Deo,
1308 2570 1394 2632 sicut
1414 2570 1449 2632 in
1500 2563 1592 2641 nale,
1631 2562 1721 2629 aliud
1747 2564 1902 2629 Actuale.
1963 2563 2203 2630 PECCATUM
2231 2565 2479 2633 (llllGlNALE

430 2709 438 2726 ,
470 2655 563 2739 Lege
574 2651 692 2718 blorali
715 2654 925 2731 describitur,
947 2665 983 2716 ut
1005 2652 1173 2718 nomas*
1189 2655 1319 2732 dicitur,
1340 2666 1375 2717 ιιι
1397 2656 1448 2718 ius
1502 2661 1553 2714 est
1576 2663 1685 2714 reatus
1709 2663 1844 2733 propter
1865 2651 1962 2714 Adae
1979 2648 2133 2735 lapsum,
2155 2665 2188 2715 et
2210 2663 2345 2735 propter
2361 2657 2477 2800 lpriva·

471 2739 576 2824 Legis
599 2742 632 2803 in
655 2741 753 2804 nobis
775 2736 959 2820 impleatur.
1003 2737 1054 2800 Es
1072 2739 1125 2802 bis
1137 2741 1289 2804 omnibus
1312 2736 1448 2824 intelligi
1501 2737 1623 2799 tionem
1656 2734 1741 2798 lucis
1776 2737 1923 2814 divinae,
1952 2748 1985 2800 et
2009 2736 2122 2799 firmae
2149 2738 2328 2823 agnitionis
2394 2741 2423 2803 ei
2446 2742 2478 2804 in

471 2838 594 2909 potest,
617 2845 720 2907 quare
743 2825 866 2888 dictum
888 2823 946 2887 sit:
969 2823 1044 2886 Non
1067 2826 1143 2888 veni
1160 2825 1294 2889 solvere
1312 2823 1449 2909 Legem,
1472 2865 1479 2941 Ι
1501 2822 1664 2886 mentibus
1682 2818 1859 2899 hominum,
1883 2834 1916 2885 et
1937 2833 2073 2905 propter
2094 2826 2305 2887 aversionem
2326 2822 2478 2911 volunta·
2508 2859 2511 2867 ·

470 2912 531 2973 sed
554 2908 699 2993 implere.
744 2909 837 2971 Sicut
859 2908 891 2969 in
910 2919 979 2971 tota
990 2910 1186 2972 aeternitate
1205 2923 1313 2972 manet
1332 2911 1449 2973 eadem
1500 2908 1543 2970 tis
1565 2928 1585 2969 a
1607 2904 1701 2983 Deo,
1732 2918 1764 2968 et
1790 2917 1927 2990 propter
1951 2909 2200 2972 ,contumaciam
2228 2909 2359 2986 cordis,
2394 2930 2479 2993 quae

471 3007 504 3058 et
535 2991 747 3058 immutabilis
780 2995 941 3076 sapientia
968 3003 1003 3055 et
1025 2996 1189 3059 rectitudo
1211 2993 1391 3059 voluntatis
1415 2997 1447 3057 in
1500 2989 1587 3056 mala
1609 3003 1750 3075 sequuta
1772 3005 1849 3056 suut
1870 2990 2000 3076 lapsum
2034 2993 2129 3057 Adae
2166 2996 2199 3058 in
2227 3007 2345 3059 natura
2374 2991 2478 3064 homa

470 3078 557 3159 Deo,
580 3081 629 3144 sie
651 3089 762 3142 manet
782 3078 853 3142 Lex
875 3076 1033 3155 moralis,
1056 3100 1141 3164 quae
1163 3081 1261 3144 nobis
1283 3080 1448 3165 patefacta
1500 3098 1589 3155 uum,
1623 3088 1657 3142 et
1683 3089 1761 3142 sunt
1788 3079 1974 3144 inimicitiae
2003 3081 2168 3144 adversus
2198 3078 2325 3159 Deum,
2357 3091 2391 3146 et
2419 3083 2477 3147 da·

471 3177 532 3242 est,
554 3178 590 3230 ut
611 3166 769 3240 sciamus,
794 3166 883 3247 quod
905 3164 948 3226 sit
964 3163 1072 3243 Deus,
1101 3177 1135 3229 et
1156 3165 1265 3250 qualis
1288 3168 1341 3229 sit
1387 3166 1446 3232 lm·
1501 3176 1612 3231 mnata
1634 3184 1656 3228 a
1669 3162 1755 3227 Deo.
2235 3179 2247 3196 ’

470 3250 538 3335 plet
559 3263 669 3314 autem
687 3247 842 3313 Christus
859 3248 985 3333 Legem
1006 3261 1148 3333 quatuor
1168 3252 1286 3314 modis.
2336 3261 2338 3266 ’

1586 3330 1777 3417 Descriptio
1791 3329 2019 3397 circumfertur
2035 3335 2069 3398 in
2090 3331 2256 3413 Ecclesia,
2279 3349 2413 3421 sumpta
2433 3340 2477 3404 ab

1500 3414 1700 3483 Anshelmo:
1734 3419 1911 3484 Peccatum
1944 3419 2115 3505 Originale
2144 3433 2196 3484 est
2213 3425 2363 3504 carentia
2385 3425 2477 3488 iusti·

1499 3504 1564 3567 tiae
1582 3503 1752 3588 originalis
1777 3507 1906 3570 debitae
1928 3506 2038 3569 inesse
2061 3506 2260 3571 hominibus.
2306 3507 2398 3573 llaec
2421 3511 2478 3574 do·

1499 3589 1636 3673 scriptio
1667 3594 1777 3674 reipsa
1811 3592 1965 3677 congruit
1988 3611 2061 3655 cum
2090 3605 2216 3656 nostra.
2284 3592 2354 3659 Sed
2377 3615 2478 3660 voca·

1499 3672 1578 3737 bula
1599 3687 1690 3738 recte
1717 3677 1963 3758 interpretanda
1992 3688 2081 3739 sunt.
2146 3677 2272 3741 lustitia
2302 3679 2475 3763 originalis

1497 3758 1664 3841 signifieat
1696 3772 1728 3823 et
1761 3763 2022 3844 acceptationem
2055 3773 2087 3825 et
2116 3763 2354 3842 rectitudinem,
2388 3784 2476 3848 quae

1495 3840 1556 3906 fuit
1589 3857 1666 3908 ante
1687 3842 1836 3928 lapsum,
1863 3839 2019 3909 'videlicet
2040 3844 2148 3912 lucem
2178 3860 2210 3912 et
2233 3847 2362 3913 firmam
2381 3852 2475 3936 agni-

1496 3930 1618 3992 tionem
1639 3929 1703 3995 Dei
1719 3933 1753 3994 iu
1776 3941 1884 3993 mente
1901 3930 2061 4009 bominis,
2084 3946 2117 3997 et
2140 3936 2390 4018 congruentiam
2413 3955 2474 3999 vo·

672 4061 676 4073 .
1494 4011 1630 4078 luntatis
1654 4027 1686 4077 et
1710 4016 1821 4079 cordis
1843 4035 1917 4080 cum
1930 4016 2016 4096 Deo,
2039 4020 2149 4102 quiin
2172 4019 2359 4083 bominibus
2383 4018 2475 4087 velut

716 4140 805 4222 DE
849 4139 1034 4224 PECC
1049 4140 1092 4221 Α
1107 4140 1196 4224 ΤΟ
1495 4097 1668 4182 intemplo
1691 4122 1752 4163 suo
1776 4098 1971 4180 habitasset,
2005 4116 2038 4166 et
2060 4124 2153 4166 suam
2176 4106 2390 4187 sapientiam,
2424 4108 2472 4169 iu-

1198 4206 1206 4221 ·
1495 4186 1627 4260 stitiam,
1647 4198 1679 4249 et
1701 4183 1857 4250 laetitiam
1879 4189 1929 4250 eis
1951 4191 2250 4267 communicasset,
2278 4191 2308 4252 si
2330 4209 2396 4253 uon
2419 4211 2472 4254 es-

688 4280 692 4287 ·
771 4265 775 4276 '
1495 4281 1570 4332 sent
1597 4267 1693 4354 lapsi.
1739 4270 1832 4335 llaec
1861 4274 1970 4336 omnia
2002 4274 2230 4355 significantur
2262 4276 2295 4338 in
2328 4273 2392 4339 bac
2415 4277 2473 4340 de·

1495 4356 1675 4437 scriptione
1689 4355 1864 4422 Ansbelmi
1885 4359 2018 4422 nomine
2041 4361 2196 4423 iustitiae.
2224 4359 2316 4446 Ergo
2338 4363 2472 4425 nomine

1493 4443 1624 4586 peccati
1647 4441 1817 4528 originalis
1841 4446 2006 4508 contraria
2030 4443 2115 4508 mala
2133 4444 2377 4530 significantur,
2405 4448 2470 4510 sci-

1507 4527 1572 4589 icet
1594 4540 1628 4590 et
1650 4541 1762 4592 reatus
1785 4540 1818 4592 et
1835 4529 1944 4617 caligo
1961 4531 2005 4613 in
2027 4544 2155 4609 mente,
2189 4542 2222 4595 et
2244 4534 2275 4595 iu
2299 4529 2471 4598 voluntate

553 4609 708 4675 Definitio
721 4611 834 4674 brevis
847 4622 935 4673 extat
953 4611 986 4673 in
1004 4607 1152 4693 Epistola
1165 4609 1337 4673 lobannis:
1360 4609 1442 4675 Pec·
1493 4613 1625 4675 aversio
1649 4635 1669 4676 a
1691 4612 1777 4692 Deo,
1800 4628 1832 4677 et
1855 4616 1888 4678 in
1914 4618 2015 4680 eorde
2038 4618 2248 4681 contumacia
2270 4630 2386 4681 contra
2406 4615 2470 4681 Le·

468 4706 591 4762 catum.
601 4708 653 4760 est
667 4696 825 4780 quidquid
848 4709 899 4759 est
918 4706 1037 4759 contra
1060 4695 1182 4779 Legem
1195 4694 1269 4759 Dei.
1304 4694 1442 4779 Ἆμαρτία
1494 4718 1570 4782 gem
1593 4697 1672 4776 Dei,
1704 4712 1737 4761 et
1767 4720 1832 4762 non
1856 4721 1934 4764 esse
1956 4699 2111 4786 templum
2133 4701 2208 4765 Dei.
2269 4702 2361 4766 llaec
2383 4700 2473 4767 mala

466 4785 546 4845 ἐστιν
563 4780 681 4862 ἀνομία.
705 4780 1075 4846 Haecbrevisdelinitio
1100 4781 1214 4846 dextre
1231 4778 1442 4866 intelligutur,
1493 4784 1543 4846 sic
1566 4784 1743 4867 descripsit
1765 4783 1881 4869 Hugo:
1916 4783 2090 4851 Peccatum
2116 4785 2276 4870 originale
2302 4789 2384 4852 esti
2412 4809 2471 4851 no·

465 4864 620 4934 videlieet
646 4888 714 4931 non
747 4878 871 4931 tantum
893 4869 935 4931 de
957 4868 1164 4945 actionibus,
1197 4867 1376 4932 sedetiam
1399 4869 1441 4932 de
1493 4868 1598 4932 rautia
1629 4869 1673 4932 de
1694 4867 1768 4933 De'o
1790 4873 1824 4934 in
1846 4884 1971 4951 mente,
2001 4884 2034 4936 et
2055 4874 2274 4938 inobedientia
2297 4875 2330 4937 in
2352 4810 2471 4938 volun·

465 4954 677 5017 interioribus
695 4948 890 5032 defectibus,
909 4953 950 5017 de
972 4950 1113 5037 caligine
1131 4965 1164 5017 et
1182 4954 1440 5018 dubitationibus
1492 4965 1560 5017 tate
1582 4964 1615 5017 et
1638 4956 1749 5018 corde.
1795 4952 1862 5020 ulti
1888 4978 1954 5023 uno
1983 4957 2228 5022 uomine'baec
2250 4956 2337 5022 mala
2359 4960 2471 5026 omnia

465 5039 498 5102 in
521 5051 642 5116 mente,
660 5040 702 5102 de
724 5039 899 5103 arversione
922 5037 1101 5102 voluntatis
1124 5049 1157 5103 et
1179 5038 1290 5104 cordis
1312 5059 1333 5103 a
1353 5036 1440 5117 Deo,
1491 5040 1701 5103 nominarunt
1732 5040 1859 5125 malam·
1885 5045 2206 5128 concupiscentiam,
2238 5045 2315 5129 quia
2344 5041 2470 5109 Paulus

466 5124 508 5188 de
539 5126 730 5189 tristissima
761 5125 958 5202 desertione,
991 5126 1081 5208 quod
1113 5145 1179 5188 uon
1207 5122 1297 5188 lucet
1325 5124 1358 5187 in
1380 5121 1440 5187 ho·
1492 5126 1541 5190 sie
1563 5124 1707 5210 loquitur
1729 5125 1868 5192 Roman.
1892 5129 1923 5192 7.
2122 5137 2124 5141 '

465 5210 551 5274 mine
584 5208 647 5275 Sol
678 5210 821 5274 iustitiae
849 5206 951 5271 Pilius
973 5208 1057 5286 Dei,
1090 5211 1271 5282 ostendens
1294 5207 1438 5289 Patrem,
1844 5257 1857 5264 -

465 5304 500 5359 et
520 5297 712 5361 accendens
731 5293 833 5359 corda
854 5291 987 5378 Spiritu
1001 5306 1130 5359 sancto.
1180 5292 1385 5381 lntelligatur·
1406 5307 1440 5360 et
1576 5293 1786 5360 AGTUALE
1810 5311 1863 5363 est
1885 5300 1991 5364 omnis
2010 5300 2152 5385 actiopu
2178 5320 2261 5364 nans
2275 5321 2349 5364 cum
2362 5299 2469 5387 Lege,

464 5391 577 5445 reatus
599 5384 632 5446 iu
655 5380 855 5459 definitione,
882 5380 970 5463 quod
998 5377 1152 5444 videlicet
1177 5379 1277 5445 bomo
1304 5393 1440 5466 propter
1492 5394 1560 5446 tum
1581 5381 1615 5446 ln
1636 5394 1755 5461 mente,
1777 5396 1812 5446 ut
1835 5384 2056 5451 dubitationes
2079 5388 2121 5451 de
2178 5408 2229 5466 eo,
2262 5398 2331 5451 tum
2354 5388 2389 5451 in
2410 5407 2469 5453 vo·

464 5478 640 5550 peecatum
673 5487 752 5531 reus
785 5468 829 5531 sit
862 5477 1018 5530 aeternae
1049 5465 1119 5529 irae
1147 5462 1225 5543 Dei,
1253 5480 1286 5530 et
1301 5487 1441 5551 poenae,
1492 5466 1618 5532 luntate
1647 5479 1681 5532 et
1709 5470 1831 5549 corde,
1863 5483 1900 5535 ut
1922 5472 2074 5537 incendia
2095 5469 2259 5539 malorum
2281 5470 2470 5554 affectuum,

512 3387 668 3464 Primum,
691 3384 760 3449 Sua
781 3385 915 3469 propria
936 3386 1132 3450 obedientia.

512 3470 680 3547 Secundo,
699 3469 889 3534 Derivando
909 3472 943 3535 iu
964 3492 1002 3535 se
1019 3492 1170 3555 poenam.

475 3565 477 3570 ’
512 3555 636 3634 Tertio,
660 3555 877 3620 Restituendo
899 3558 932 3620 in
955 3561 1051 3623 nobis
1072 3558 1228 3621 iustitiam
1250 3571 1283 3622 et
1303 3558 1404 3621 vitam

579 3655 759 3705 aeternam.

513 3724 652 3804 Quarto,
676 3726 876 3804 Sanciendo,
905 3727 992 3802 sicut
1015 3728 1110 3791 dicit:
1140 3726 1214 3790 Non
1237 3728 1312 3791 veni
1335 3725 1402 3792 sol·
1462 3760 1464 3768 ·

576 3832 655 3877 vere
677 3811 802 3897 Legem
824 3823 888 3875 etc.

724 4394 928 4496 Quidest
957 4397 1194 4505 peccatum?
