5892 6709
600 620 663 687 τοι
1232 612 1347 682 PfflL.
1368 611 1474 680 nffiu.
1486 611 1676 681 scium
1696 610 1977 681 poemenen.
2543 617 2611 684 ⁷52

600 816 712 873 mento
739 803 892 867 sentium.
936 800 1009 867 Noc
1037 803 1135 867 video
1162 822 1314 880 causam,
1347 821 1409 866 our
1439 822 1507 865 non
1535 802 1581 867 ibi
1633 801 1702 866 sine
1724 799 1864 867 fideliter
1886 802 2020 882 docere,
2042 823 2140 889 quom
2163 804 2206 868 de
2227 805 2438 889 geometricis
2456 803 2613 889 specuiu-

601 911 682 959 vero
703 889 824 956 adesse
845 890 967 973 possit,
988 888 1046 953 ubi
1064 907 1144 952 vere
1161 886 1284 975 aliquid
1303 884 1416 952 efficit.
1439 886 1581 953 Constat
1633 888 1777 952 tionibus
1785 932 1796 966 ‚
1826 908 1912 991 quoe
1938 900 2063 954 tuntum
2086 890 2228 955 reddunt
2249 902 2378 954 mentes
2407 889 2612 975 prophanus,

600 989 711 1043 autem
733 984 943 1039 sacramenta
966 974 1008 1038 nd
1029 973 1096 1038 hoe
1117 975 1265 1038 instituto
1283 993 1374 1053 esse,
1399 984 1436 1037 ut
1457 994 1517 1056 per
1539 994 1580 1039 en
1632 993 1700 1037 non
1722 971 1815 1038 aium
1832 976 1931 1038 oriem
1953 988 2010 1039 out
2033 975 2182 1040 timorem
2205 974 2279 1054 Dei,
2301 977 2362 1040 sed
2387 972 2475 1041 focio
2497 976 2612 1055 finem,

600 1062 695 1128 Deus
717 1069 852 1126 moveat
880 1071 913 1126 et
942 1061 1108 1124 exuscitet
1134 1072 1263 1125 mentes
1292 1060 1336 1124 ud
1369 1060 1581 1125 credendum.
1632 1078 1700 1123 non
1730 1062 1817 1124 enim
1845 1061 1973 1125 institui
1997 1062 2268 1145 disputationem,
2294 1063 2355 1125 sed
2391 1063 2466 1126 dum
2496 1063 2613 1148 Augu·

601 1148 678 1214 Non
699 1148 786 1212 enim
808 1158 887 1210 sum
914 1146 1081 1224 instituto,
1108 1157 1144 1210 ut
1171 1157 1297 1210 tontum
1324 1145 1390 1210 sint
1418 1158 1519 1210 notae
1539 1167 1581 1210 nc
1632 1146 1709 1209 otini
1731 1142 1841 1209 locum
1864 1166 2003 1231 repono,
2024 1146 2110 1211 haec
2132 1148 2272 1212 dicendo
2295 1141 2438 1225 fuerunt,
2460 1159 2498 1212 ut
2519 1145 2615 1212 clare

601 1234 698 1321 signe
730 1228 970 1317 professionis,
1003 1251 1089 1317 quae
1121 1231 1313 1296 discernant
1342 1250 1406 1296 nos
1434 1233 1477 1297 ab
1506 1230 1581 1296 nliio
1632 1242 1809 1314 appareret
1838 1229 1926 1297 illum
1948 1235 2145 1299 sententiam
2167 1234 2211 1298 ad
2237 1233 2326 1299 hano
2348 1235 2615 1300 controversiam

602 1320 771 1407 gentibus,
792 1328 828 1383 nt
848 1315 945 1402 Toga
965 1314 1138 1382 Romanos
1160 1318 1370 1393 discernebat
1392 1316 1582 1395 oneeis,
1632 1314 1714 1381 nihil
1735 1319 1910 1403 pertinere.

601 1416 659 1470 ont
692 1404 837 1468 varietas
864 1405 1005 1467 vestitus
1039 1403 1197 1467 discernit
1223 1402 1421 1468 Monachus.
1464 1403 1582 1488 Neque

602 1510 718 1576 porum
742 1485 844 1554 refert
866 1488 898 1553 in
916 1487 982 1553 hoc
1003 1489 1249 1567 controversia,
1271 1510 1385 1556 verum
1407 1509 1504 1553 usum
1527 1508 1581 1553 so·
2055 1486 2180 1555 FlNlS.

603 1587 845 1641 crementorum
866 1585 995 1654 tenero,
1016 1576 1146 1661 dequo
1168 1575 1275 1661 magis
1297 1571 1581 1661 proderntEccle·
2062 1587 2065 1594 '
