<?xml version="1.0" encoding="UTF-8"?>
<!DOCTYPE html PUBLIC "-//W3C//DTD XHTML 1.0 Transitional//EN"
    "http://www.w3.org/TR/xhtml1/DTD/xhtml1-transitional.dtd">
<html xmlns="http://www.w3.org/1999/xhtml" xml:lang="en" lang="en">
 <head>
  <title>
</title>
<meta http-equiv="Content-Type" content="text/html;charset=utf-8" />
  <meta name='ocr-system' content='tesseract 3.04.00' />
  <meta name='ocr-capabilities' content='ocr_page ocr_carea ocr_par ocr_line ocrx_word'/>
</head>
<body>
  <div class='ocr_page' id='page_1' title='image "./philippimelanth02melagoog/philippimelanth02melagoog_0363.png"; bbox 0 0 5892 6709; ppageno 0'>
   <div class='ocr_carea' id='block_1_1' title="bbox 462 639 2482 755">
    <p class='ocr_par' dir='ltr' id='par_1_1' title="bbox 462 639 2482 755">
     <span class='ocr_line' id='line_1_1' title="bbox 462 639 2482 755; baseline -0.011 -15"><span class='ocrx_word' id='word_1_1' title='bbox 462 639 529 740; x_wconf 81' lang='lat' dir='ltr'><strong>om</strong></span> <span class='ocrx_word' id='word_1_2' title='bbox 698 663 712 686; x_wconf 78' lang='lat'><strong><em>‘</em></strong></span> <span class='ocrx_word' id='word_1_3' title='bbox 937 672 994 678; x_wconf 91' lang='lat'><strong>··</strong></span> <span class='ocrx_word' id='word_1_4' title='bbox 1086 663 1202 732; x_wconf 81' lang='lat' dir='ltr'><strong>run.</strong></span> <span class='ocrx_word' id='word_1_5' title='bbox 1224 661 1328 755; x_wconf 75' lang='lat' dir='ltr'><strong>urna</strong></span> <span class='ocrx_word' id='word_1_6' title='bbox 1350 661 1541 731; x_wconf 78' lang='lat' dir='ltr'><strong>sonum</strong></span> <span class='ocrx_word' id='word_1_7' title='bbox 1560 659 1842 731; x_wconf 66' lang='lat' dir='ltr'><strong>nocuimus</strong></span> <span class='ocrx_word' id='word_1_8' title='bbox 2009 669 2013 674; x_wconf 93' lang='lat'><em>·</em></span> <span class='ocrx_word' id='word_1_9' title='bbox 2150 651 2155 659; x_wconf 87' lang='lat'>·</span> <span class='ocrx_word' id='word_1_10' title='bbox 2413 650 2482 719; x_wconf 84' lang='lat' dir='ltr'><strong>me</strong></span> 
     </span>
    </p>
   </div>
   <div class='ocr_carea' id='block_1_2' title="bbox 389 845 2484 1036">
    <p class='ocr_par' dir='ltr' id='par_1_2' title="bbox 389 845 2484 1036">
     <span class='ocr_line' id='line_1_2' title="bbox 462 845 2483 1001; baseline -0.008 -72"><span class='ocrx_word' id='word_1_11' title='bbox 462 863 554 950; x_wconf 88' lang='lat' dir='ltr'><strong>lugia</strong></span> <span class='ocrx_word' id='word_1_12' title='bbox 576 857 654 926; x_wconf 89' lang='lat' dir='ltr'><strong>illos</strong></span> <span class='ocrx_word' id='word_1_13' title='bbox 675 861 783 947; x_wconf 86' lang='lat' dir='ltr'><strong>ipsos,</strong></span> <span class='ocrx_word' id='word_1_14' title='bbox 805 860 860 944; x_wconf 92' lang='lat' dir='ltr'><strong>qui</strong></span> <span class='ocrx_word' id='word_1_15' title='bbox 883 869 963 924; x_wconf 85' lang='lat' dir='ltr'><strong>vota</strong></span> <span class='ocrx_word' id='word_1_16' title='bbox 984 853 1151 935; x_wconf 81' lang='lat' dir='ltr'><strong>fecerant,</strong></span> <span class='ocrx_word' id='word_1_17' title='bbox 1172 856 1292 920; x_wconf 93' lang='lat' dir='ltr'><strong>sinon</strong></span> <span class='ocrx_word' id='word_1_18' title='bbox 1313 863 1449 919; x_wconf 88' lang='lat' dir='ltr'><strong>servent</strong></span> <span class='ocrx_word' id='word_1_19' title='bbox 1498 852 1642 939; x_wconf 87' lang='lat' dir='ltr'><strong>tyribus.</strong></span> <span class='ocrx_word' id='word_1_20' title='bbox 1686 851 1813 919; x_wconf 86' lang='lat' dir='ltr'><strong>Horum</strong></span> <span class='ocrx_word' id='word_1_21' title='bbox 1845 855 1933 922; x_wconf 88' lang='lat' dir='ltr'><strong>enim</strong></span> <span class='ocrx_word' id='word_1_22' title='bbox 1964 854 2067 923; x_wconf 82' lang='lat' dir='ltr'><strong>fiebat</strong></span> <span class='ocrx_word' id='word_1_23' title='bbox 2091 856 2215 921; x_wconf 87' lang='lat' dir='ltr'><strong>mentio</strong></span> <span class='ocrx_word' id='word_1_24' title='bbox 2247 852 2282 918; x_wconf 90' lang='lat' dir='ltr'><strong>in</strong></span> <span class='ocrx_word' id='word_1_25' title='bbox 2305 845 2483 1001; x_wconf 76' lang='lat' dir='ltr'><strong>lprecatio·</strong></span> 
     </span>
     <span class='ocr_line' id='line_1_3' title="bbox 389 936 2484 1036; baseline -0.005 -22"><span class='ocrx_word' id='word_1_26' title='bbox 389 965 394 970; x_wconf 84' lang='lat'>&#39;</span> <span class='ocrx_word' id='word_1_27' title='bbox 461 945 676 1036; x_wconf 78' lang='lat' dir='ltr'><strong>promissum.</strong></span> <span class='ocrx_word' id='word_1_28' title='bbox 720 946 757 1011; x_wconf 98' lang='lat' dir='ltr'><strong>ln</strong></span> <span class='ocrx_word' id='word_1_29' title='bbox 778 941 893 1010; x_wconf 89' lang='lat' dir='ltr'><strong>libello</strong></span> <span class='ocrx_word' id='word_1_30' title='bbox 915 946 957 1009; x_wconf 91' lang='lat' dir='ltr'><strong>de</strong></span> <span class='ocrx_word' id='word_1_31' title='bbox 966 941 1194 1029; x_wconf 76' lang='lat' dir='ltr'><strong>eleemosyna</strong></span> <span class='ocrx_word' id='word_1_32' title='bbox 1214 940 1340 1025; x_wconf 86' lang='lat' dir='ltr'><strong>inquit:</strong></span> <span class='ocrx_word' id='word_1_33' title='bbox 1368 960 1447 1023; x_wconf 87' lang='lat' dir='ltr'><strong>pec·</strong></span> <span class='ocrx_word' id='word_1_34' title='bbox 1497 939 1607 1018; x_wconf 74' lang='lat' dir='ltr'><strong>nnus,</strong></span> <span class='ocrx_word' id='word_1_35' title='bbox 1630 958 1704 1005; x_wconf 88' lang='lat' dir='ltr'><strong>cum</strong></span> <span class='ocrx_word' id='word_1_36' title='bbox 1727 953 1908 1025; x_wconf 81' lang='lat' dir='ltr'>agerentur</span> <span class='ocrx_word' id='word_1_37' title='bbox 1928 944 2059 1029; x_wconf 87' lang='lat' dir='ltr'><strong>gratiae</strong></span> <span class='ocrx_word' id='word_1_38' title='bbox 2074 939 2161 1023; x_wconf 91' lang='lat' dir='ltr'><strong>Deo,</strong></span> <span class='ocrx_word' id='word_1_39' title='bbox 2183 940 2305 1028; x_wconf 92' lang='lat' dir='ltr'><strong>quodi</strong></span> <span class='ocrx_word' id='word_1_40' title='bbox 2333 959 2373 1002; x_wconf 90' lang='lat' dir='ltr'><strong>os</strong></span> <span class='ocrx_word' id='word_1_41' title='bbox 2391 936 2484 1022; x_wconf 82' lang='lat' dir='ltr'><strong>adip-</strong></span> 
     </span>
    </p>
   </div>
   <div class='ocr_carea' id='block_1_3' title="bbox 333 1023 2483 1118">
    <p class='ocr_par' dir='ltr' id='par_1_3' title="bbox 333 1023 2483 1118">
     <span class='ocr_line' id='line_1_4' title="bbox 333 1023 2483 1118; baseline -0.006 -18"><span class='ocrx_word' id='word_1_42' title='bbox 333 1049 335 1054; x_wconf 87' lang='grc'><em>·</em></span> <span class='ocrx_word' id='word_1_43' title='bbox 463 1046 539 1100; x_wconf 89' lang='lat' dir='ltr'><strong>cata</strong></span> <span class='ocrx_word' id='word_1_44' title='bbox 578 1046 659 1098; x_wconf 90' lang='lat' dir='ltr'><strong>ante</strong></span> <span class='ocrx_word' id='word_1_45' title='bbox 695 1032 896 1118; x_wconf 90' lang='lat' dir='ltr'><strong>baptismum</strong></span> <span class='ocrx_word' id='word_1_46' title='bbox 936 1031 1115 1094; x_wconf 90' lang='lat' dir='ltr'><strong>commissa</strong></span> <span class='ocrx_word' id='word_1_47' title='bbox 1153 1027 1274 1093; x_wconf 85' lang='lat' dir='ltr'><strong>remitti</strong></span> <span class='ocrx_word' id='word_1_48' title='bbox 1309 1036 1448 1110; x_wconf 84' lang='lat' dir='ltr'><strong>propter</strong></span> <span class='ocrx_word' id='word_1_49' title='bbox 1497 1026 1614 1090; x_wconf 88' lang='lat' dir='ltr'><strong>visset.</strong></span> <span class='ocrx_word' id='word_1_50' title='bbox 1660 1023 1755 1091; x_wconf 87' lang='lat' dir='ltr'><strong>Sicut</strong></span> <span class='ocrx_word' id='word_1_51' title='bbox 1777 1025 1930 1095; x_wconf 88' lang='lat' dir='ltr'><strong>Graecus</strong></span> <span class='ocrx_word' id='word_1_52' title='bbox 1953 1028 2070 1096; x_wconf 89' lang='lat' dir='ltr'><strong>Canon</strong></span> <span class='ocrx_word' id='word_1_53' title='bbox 2092 1029 2191 1095; x_wconf 79' lang='lat' dir='ltr'><strong>dicit:</strong></span> <span class='ocrx_word' id='word_1_54' title='bbox 2214 1026 2394 1093; x_wconf 74' lang='lat' dir='ltr'><strong>offerimus</strong></span> <span class='ocrx_word' id='word_1_55' title='bbox 2418 1043 2483 1109; x_wconf 89' lang='lat' dir='ltr'><strong>pro</strong></span> 
     </span>
    </p>
   </div>
   <div class='ocr_carea' id='block_1_4' title="bbox 416 1108 2500 2237">
    <p class='ocr_par' dir='ltr' id='par_1_4' title="bbox 448 1108 2486 1632">
     <span class='ocr_line' id='line_1_5' title="bbox 463 1108 2484 1204; baseline -0.006 -18"><span class='ocrx_word' id='word_1_56' title='bbox 463 1118 588 1186; x_wconf 79' lang='lat' dir='ltr'><strong>Christi</strong></span> <span class='ocrx_word' id='word_1_57' title='bbox 609 1119 814 1204; x_wconf 81' lang='lat' dir='ltr'><strong>passionem,</strong></span> <span class='ocrx_word' id='word_1_58' title='bbox 836 1117 896 1181; x_wconf 87' lang='lat' dir='ltr'><strong>sed</strong></span> <span class='ocrx_word' id='word_1_59' title='bbox 919 1127 997 1202; x_wconf 84' lang='lat' dir='ltr'><strong>post</strong></span> <span class='ocrx_word' id='word_1_60' title='bbox 1013 1116 1210 1199; x_wconf 90' lang='lat' dir='ltr'><strong>baptismum</strong></span> <span class='ocrx_word' id='word_1_61' title='bbox 1223 1112 1446 1199; x_wconf 91' lang='lat' dir='ltr'><strong>quaerendam</strong></span> <span class='ocrx_word' id='word_1_62' title='bbox 1496 1108 1720 1191; x_wconf 75' lang='lat' dir='ltr'><strong>Pamamhis,</strong></span> <span class='ocrx_word' id='word_1_63' title='bbox 1752 1110 1941 1200; x_wconf 82' lang='lat' dir='ltr'><strong>Prophetis,</strong></span> <span class='ocrx_word' id='word_1_64' title='bbox 1963 1109 2155 1201; x_wconf 70' lang='lat' dir='ltr'><strong>r&#39;l&#39;postolis,</strong></span> <span class='ocrx_word' id='word_1_65' title='bbox 2189 1116 2222 1179; x_wconf 90' lang='lat' dir='ltr'><strong>id</strong></span> <span class='ocrx_word' id='word_1_66' title='bbox 2244 1124 2317 1190; x_wconf 83' lang='lat' dir='ltr'><strong>est,</strong></span> <span class='ocrx_word' id='word_1_67' title='bbox 2349 1111 2484 1198; x_wconf 83' lang='lat' dir='ltr'><strong>agimus</strong></span> 
     </span>
     <span class='ocr_line' id='line_1_6' title="bbox 463 1194 2485 1288; baseline -0.006 -17"><span class='ocrx_word' id='word_1_68' title='bbox 463 1226 542 1272; x_wconf 86' lang='lat' dir='ltr'><strong>esse</strong></span> <span class='ocrx_word' id='word_1_69' title='bbox 565 1206 796 1271; x_wconf 80' lang='lat' dir='ltr'><strong>remissionem</strong></span> <span class='ocrx_word' id='word_1_70' title='bbox 825 1222 887 1287; x_wconf 89' lang='lat' dir='ltr'><strong>per</strong></span> <span class='ocrx_word' id='word_1_71' title='bbox 919 1200 1166 1286; x_wconf 84' lang='lat' dir='ltr'><strong>eleemosynas.</strong></span> <span class='ocrx_word' id='word_1_72' title='bbox 1211 1200 1301 1265; x_wconf 89' lang='lat' dir='ltr'><strong>ldem</strong></span> <span class='ocrx_word' id='word_1_73' title='bbox 1323 1198 1447 1283; x_wconf 90' lang='lat' dir='ltr'><strong>repetit</strong></span> <span class='ocrx_word' id='word_1_74' title='bbox 1497 1198 1642 1284; x_wconf 86' lang='lat' dir='ltr'><strong>gratias,</strong></span> <span class='ocrx_word' id='word_1_75' title='bbox 1673 1199 1764 1282; x_wconf 91' lang='lat' dir='ltr'><strong>quod</strong></span> <span class='ocrx_word' id='word_1_76' title='bbox 1786 1198 1975 1267; x_wconf 75' lang='lat' dir='ltr'><strong>Ecclesiam</strong></span> <span class='ocrx_word' id='word_1_77' title='bbox 2001 1204 2079 1269; x_wconf 91' lang='lat' dir='ltr'><strong>inda</strong></span> <span class='ocrx_word' id='word_1_78' title='bbox 2105 1205 2213 1288; x_wconf 89' lang='lat' dir='ltr'><strong>usque</strong></span> <span class='ocrx_word' id='word_1_79' title='bbox 2235 1199 2277 1264; x_wconf 93' lang='lat' dir='ltr'><strong>ab</strong></span> <span class='ocrx_word' id='word_1_80' title='bbox 2299 1198 2393 1263; x_wconf 91' lang='lat' dir='ltr'><strong>initio</strong></span> <span class='ocrx_word' id='word_1_81' title='bbox 2422 1194 2485 1260; x_wconf 91' lang='lat' dir='ltr'><strong>tibi</strong></span> 
     </span>
     <span class='ocr_line' id='line_1_7' title="bbox 463 1281 2484 1375; baseline -0.005 -18"><span class='ocrx_word' id='word_1_82' title='bbox 463 1289 653 1375; x_wconf 87' lang='lat' dir='ltr'><strong>delapsis,</strong></span> <span class='ocrx_word' id='word_1_83' title='bbox 686 1300 918 1372; x_wconf 91' lang='lat' dir='ltr'><strong>consumptum</strong></span> <span class='ocrx_word' id='word_1_84' title='bbox 940 1308 1017 1351; x_wconf 87' lang='lat' dir='ltr'><strong>esse</strong></span> <span class='ocrx_word' id='word_1_85' title='bbox 1039 1285 1237 1351; x_wconf 85' lang='lat' dir='ltr'><strong>beneficium</strong></span> <span class='ocrx_word' id='word_1_86' title='bbox 1260 1283 1385 1349; x_wconf 80' lang='lat' dir='ltr'><strong>Christi</strong></span> <span class='ocrx_word' id='word_1_87' title='bbox 1411 1284 1445 1347; x_wconf 94' lang='lat' dir='ltr'><strong>in</strong></span> <span class='ocrx_word' id='word_1_88' title='bbox 1497 1281 1638 1368; x_wconf 84' lang='lat' dir='ltr'><strong>elegisti,</strong></span> <span class='ocrx_word' id='word_1_89' title='bbox 1660 1284 1840 1368; x_wconf 84' lang='lat' dir='ltr'><strong>redemisti,</strong></span> <span class='ocrx_word' id='word_1_90' title='bbox 1864 1288 2081 1356; x_wconf 83' lang='lat' dir='ltr'><strong>sanctificasti</strong></span> <span class='ocrx_word' id='word_1_91' title='bbox 2104 1301 2171 1354; x_wconf 88' lang='lat' dir='ltr'><strong>etc.</strong></span> <span class='ocrx_word' id='word_1_92' title='bbox 2201 1286 2298 1351; x_wconf 88' lang='lat' dir='ltr'><strong>llaec</strong></span> <span class='ocrx_word' id='word_1_93' title='bbox 2315 1281 2484 1350; x_wconf 84' lang='lat' dir='ltr'><strong>fuitinitiu</strong></span> 
     </span>
     <span class='ocr_line' id='line_1_8' title="bbox 448 1367 2485 1461; baseline -0.005 -18"><span class='ocrx_word' id='word_1_94' title='bbox 448 1379 641 1461; x_wconf 88' lang='lat' dir='ltr'><strong>baptismo,</strong></span> <span class='ocrx_word' id='word_1_95' title='bbox 659 1387 778 1459; x_wconf 84' lang='lat' dir='ltr'><strong>postea</strong></span> <span class='ocrx_word' id='word_1_96' title='bbox 798 1395 859 1458; x_wconf 91' lang='lat' dir='ltr'><strong>per</strong></span> <span class='ocrx_word' id='word_1_97' title='bbox 881 1371 1114 1459; x_wconf 85' lang='lat' dir='ltr'><strong>eleemosynas</strong></span> <span class='ocrx_word' id='word_1_98' title='bbox 1133 1372 1355 1456; x_wconf 80' lang='lat' dir='ltr'><strong>quaerendam</strong></span> <span class='ocrx_word' id='word_1_99' title='bbox 1368 1389 1446 1435; x_wconf 90' lang='lat' dir='ltr'><strong>esse</strong></span> <span class='ocrx_word' id='word_1_100' title='bbox 1495 1370 1662 1434; x_wconf 89' lang='lat' dir='ltr'><strong>sententia</strong></span> <span class='ocrx_word' id='word_1_101' title='bbox 1682 1367 1801 1436; x_wconf 92' lang='lat' dir='ltr'><strong>horum</strong></span> <span class='ocrx_word' id='word_1_102' title='bbox 1821 1376 2013 1455; x_wconf 86' lang='lat' dir='ltr'><strong>verborum,</strong></span> <span class='ocrx_word' id='word_1_103' title='bbox 2037 1394 2105 1440; x_wconf 90' lang='lat' dir='ltr'><strong>non</strong></span> <span class='ocrx_word' id='word_1_104' title='bbox 2127 1372 2314 1461; x_wconf 89' lang='lat' dir='ltr'><strong>petebatur,</strong></span> <span class='ocrx_word' id='word_1_105' title='bbox 2335 1381 2371 1435; x_wconf 93' lang='lat' dir='ltr'><strong>ut</strong></span> <span class='ocrx_word' id='word_1_106' title='bbox 2394 1387 2485 1433; x_wconf 88' lang='lat' dir='ltr'><strong>mor-</strong></span> 
     </span>
     <span class='ocr_line' id='line_1_9' title="bbox 462 1453 2486 1548; baseline -0.005 -19"><span class='ocrx_word' id='word_1_107' title='bbox 462 1464 704 1529; x_wconf 87' lang='lat' dir='ltr'><strong>remissionem.</strong></span> <span class='ocrx_word' id='word_1_108' title='bbox 748 1460 842 1527; x_wconf 87' lang='lat' dir='ltr'><strong>llaec</strong></span> <span class='ocrx_word' id='word_1_109' title='bbox 863 1473 941 1525; x_wconf 89' lang='lat' dir='ltr'><strong>sunt</strong></span> <span class='ocrx_word' id='word_1_110' title='bbox 961 1457 1063 1545; x_wconf 91' lang='lat' dir='ltr'><strong>plena</strong></span> <span class='ocrx_word' id='word_1_111' title='bbox 1089 1458 1323 1537; x_wconf 87' lang='lat' dir='ltr'><strong>absurditatis,</strong></span> <span class='ocrx_word' id='word_1_112' title='bbox 1357 1474 1445 1541; x_wconf 90' lang='lat' dir='ltr'><strong>quaa</strong></span> <span class='ocrx_word' id='word_1_113' title='bbox 1496 1455 1562 1519; x_wconf 87' lang='lat' dir='ltr'><strong>tuis</strong></span> <span class='ocrx_word' id='word_1_114' title='bbox 1584 1453 1679 1519; x_wconf 91' lang='lat' dir='ltr'><strong>Deus</strong></span> <span class='ocrx_word' id='word_1_115' title='bbox 1701 1454 1830 1524; x_wconf 83' lang='lat' dir='ltr'><strong>relaxet</strong></span> <span class='ocrx_word' id='word_1_116' title='bbox 1846 1480 1985 1548; x_wconf 86' lang='lat' dir='ltr'><strong>poenas.</strong></span> <span class='ocrx_word' id='word_1_117' title='bbox 2019 1462 2145 1527; x_wconf 88' lang='lat' dir='ltr'><strong>Postea</strong></span> <span class='ocrx_word' id='word_1_118' title='bbox 2166 1466 2384 1526; x_wconf 89' lang='lat' dir='ltr'><strong>accesserunt</strong></span> <span class='ocrx_word' id='word_1_119' title='bbox 2400 1467 2486 1520; x_wconf 89' lang='lat' dir='ltr'><strong>tem·</strong></span> 
     </span>
     <span class='ocr_line' id='line_1_10' title="bbox 462 1536 2483 1632; baseline -0.004 -18"><span class='ocrx_word' id='word_1_120' title='bbox 462 1550 649 1615; x_wconf 87' lang='lat' dir='ltr'><strong>admonitus</strong></span> <span class='ocrx_word' id='word_1_121' title='bbox 677 1546 767 1612; x_wconf 90' lang='lat' dir='ltr'><strong>haud</strong></span> <span class='ocrx_word' id='word_1_122' title='bbox 800 1547 900 1612; x_wconf 90' lang='lat' dir='ltr'><strong>dubie</strong></span> <span class='ocrx_word' id='word_1_123' title='bbox 933 1546 1149 1623; x_wconf 82' lang='lat' dir='ltr'><strong>correxisset,</strong></span> <span class='ocrx_word' id='word_1_124' title='bbox 1170 1543 1246 1608; x_wconf 89' lang='lat' dir='ltr'><strong>Non</strong></span> <span class='ocrx_word' id='word_1_125' title='bbox 1274 1544 1376 1629; x_wconf 87' lang='lat' dir='ltr'><strong>igitur</strong></span> <span class='ocrx_word' id='word_1_126' title='bbox 1397 1542 1445 1607; x_wconf 87' lang='lat' dir='ltr'><strong>di·</strong></span> <span class='ocrx_word' id='word_1_127' title='bbox 1496 1560 1580 1626; x_wconf 92' lang='lat' dir='ltr'><strong>pore</strong></span> <span class='ocrx_word' id='word_1_128' title='bbox 1601 1536 1708 1605; x_wconf 88' lang='lat' dir='ltr'><strong>malae</strong></span> <span class='ocrx_word' id='word_1_129' title='bbox 1734 1544 1919 1627; x_wconf 76' lang='lat' dir='ltr'><strong>opiniones,</strong></span> <span class='ocrx_word' id='word_1_130' title='bbox 1947 1560 1981 1614; x_wconf 88' lang='lat' dir='ltr'><strong>et</strong></span> <span class='ocrx_word' id='word_1_131' title='bbox 2002 1549 2123 1632; x_wconf 88' lang='lat' dir='ltr'><strong>partim</strong></span> <span class='ocrx_word' id='word_1_132' title='bbox 2145 1548 2252 1613; x_wconf 85' lang='lat' dir='ltr'><strong>verba</strong></span> <span class='ocrx_word' id='word_1_133' title='bbox 2273 1543 2388 1631; x_wconf 88' lang='lat' dir='ltr'><strong>priora</strong></span> <span class='ocrx_word' id='word_1_134' title='bbox 2409 1561 2483 1606; x_wconf 88' lang='lat' dir='ltr'><strong>mu·</strong></span> 
     </span>
    </p>

    <p class='ocr_par' dir='ltr' id='par_1_5' title="bbox 416 1629 2488 1807">
     <span class='ocr_line' id='line_1_11' title="bbox 462 1629 2486 1720; baseline -0.005 -19"><span class='ocrx_word' id='word_1_135' title='bbox 462 1646 518 1701; x_wconf 87' lang='lat' dir='ltr'><strong>cta</strong></span> <span class='ocrx_word' id='word_1_136' title='bbox 539 1634 647 1719; x_wconf 89' lang='lat' dir='ltr'><strong>ipsius</strong></span> <span class='ocrx_word' id='word_1_137' title='bbox 668 1634 779 1701; x_wconf 90' lang='lat' dir='ltr'><strong>omnia</strong></span> <span class='ocrx_word' id='word_1_138' title='bbox 799 1652 862 1720; x_wconf 91' lang='lat' dir='ltr'><strong>pro</strong></span> <span class='ocrx_word' id='word_1_139' title='bbox 884 1633 1094 1719; x_wconf 74' lang='lat' dir='ltr'><strong>dogmatibus</strong></span> <span class='ocrx_word' id='word_1_140' title='bbox 1115 1629 1270 1695; x_wconf 88' lang='lat' dir='ltr'><strong>habenda</strong></span> <span class='ocrx_word' id='word_1_141' title='bbox 1290 1638 1378 1694; x_wconf 89' lang='lat' dir='ltr'><strong>sunt.</strong></span> <span class='ocrx_word' id='word_1_142' title='bbox 1496 1638 1567 1692; x_wconf 91' lang='lat' dir='ltr'><strong>tata</strong></span> <span class='ocrx_word' id='word_1_143' title='bbox 1588 1639 1677 1705; x_wconf 88' lang='lat' dir='ltr'><strong>sunt,</strong></span> <span class='ocrx_word' id='word_1_144' title='bbox 1721 1632 1817 1696; x_wconf 90' lang='lat' dir='ltr'><strong>artim</strong></span> <span class='ocrx_word' id='word_1_145' title='bbox 1841 1646 1970 1700; x_wconf 89' lang='lat' dir='ltr'><strong>retenta</strong></span> <span class='ocrx_word' id='word_1_146' title='bbox 1995 1635 2102 1702; x_wconf 86' lang='lat' dir='ltr'><strong>forma</strong></span> <span class='ocrx_word' id='word_1_147' title='bbox 2129 1645 2279 1699; x_wconf 87' lang='lat' dir='ltr'><strong>veterum</strong></span> <span class='ocrx_word' id='word_1_148' title='bbox 2300 1629 2486 1696; x_wconf 88' lang='lat' dir='ltr'><strong>verborum</strong></span> 
     </span>
     <span class='ocr_line' id='line_1_12' title="bbox 416 1648 2488 1807; baseline -0.002 -25"><span class='ocrx_word' id='word_1_149' title='bbox 416 1721 418 1728; x_wconf 89' lang='lat'>&#39;</span> <span class='ocrx_word' id='word_1_150' title='bbox 1497 1709 1588 1779; x_wconf 90' lang='lat' dir='ltr'><strong>aliud</strong></span> <span class='ocrx_word' id='word_1_151' title='bbox 1621 1648 1792 1790; x_wconf 77' lang='lat' dir='ltr'><strong>intelleuit¹</strong></span> <span class='ocrx_word' id='word_1_152' title='bbox 1815 1721 2014 1803; x_wconf 85' lang='lat' dir='ltr'><strong>posteritas,</strong></span> <span class='ocrx_word' id='word_1_153' title='bbox 2055 1740 2156 1807; x_wconf 91' lang='lat' dir='ltr'><strong>quam</strong></span> <span class='ocrx_word' id='word_1_154' title='bbox 2190 1719 2322 1805; x_wconf 79' lang='lat' dir='ltr'><strong>priores</strong></span> <span class='ocrx_word' id='word_1_155' title='bbox 2353 1709 2488 1780; x_wconf 87' lang='lat' dir='ltr'><strong>intelle·</strong></span> 
     </span>
    </p>

    <p class='ocr_par' dir='ltr' id='par_1_6' title="bbox 549 1798 1625 1876">
     <span class='ocr_line' id='line_1_13' title="bbox 549 1798 1625 1876; baseline -0.004 -7"><span class='ocrx_word' id='word_1_156' title='bbox 549 1804 605 1871; x_wconf 88' lang='lat' dir='ltr'><strong>De</strong></span> <span class='ocrx_word' id='word_1_157' title='bbox 634 1825 740 1871; x_wconf 90' lang='lat' dir='ltr'><strong>coena</strong></span> <span class='ocrx_word' id='word_1_158' title='bbox 761 1802 894 1876; x_wconf 86' lang='lat' dir='ltr'><strong>Domini</strong></span> <span class='ocrx_word' id='word_1_159' title='bbox 921 1801 1010 1869; x_wconf 85' lang='lat' dir='ltr'><strong>solet</strong></span> <span class='ocrx_word' id='word_1_160' title='bbox 1040 1803 1088 1868; x_wconf 92' lang='lat' dir='ltr'><strong>uti</strong></span> <span class='ocrx_word' id='word_1_161' title='bbox 1120 1801 1234 1867; x_wconf 83' lang='lat' dir='ltr'><strong>verbis</strong></span> <span class='ocrx_word' id='word_1_162' title='bbox 1266 1798 1445 1866; x_wconf 88' lang='lat' dir='ltr'><strong>oblationis</strong></span> <span class='ocrx_word' id='word_1_163' title='bbox 1495 1812 1625 1866; x_wconf 85' lang='lat' dir='ltr'><strong>xerant.</strong></span> 
     </span>
    </p>

    <p class='ocr_par' dir='ltr' id='par_1_7' title="bbox 462 1883 2500 2237">
     <span class='ocr_line' id='line_1_14' title="bbox 463 1883 2500 1973; baseline -0.008 -15"><span class='ocrx_word' id='word_1_164' title='bbox 463 1902 496 1958; x_wconf 91' lang='lat' dir='ltr'><strong>et</strong></span> <span class='ocrx_word' id='word_1_165' title='bbox 524 1890 697 1967; x_wconf 86' lang='lat' dir='ltr'><strong>sacrificii,</strong></span> <span class='ocrx_word' id='word_1_166' title='bbox 732 1883 821 1955; x_wconf 76' lang='lat' dir='ltr'><strong>s&#39;ieut</strong></span> <span class='ocrx_word' id='word_1_167' title='bbox 849 1888 991 1967; x_wconf 89' lang='lat' dir='ltr'><strong>caeteri,</strong></span> <span class='ocrx_word' id='word_1_168' title='bbox 1022 1890 1079 1973; x_wconf 90' lang='lat' dir='ltr'><strong>qui</strong></span> <span class='ocrx_word' id='word_1_169' title='bbox 1106 1887 1220 1954; x_wconf 88' lang='lat' dir='ltr'><strong>dicunt</strong></span> <span class='ocrx_word' id='word_1_170' title='bbox 1239 1888 1446 1973; x_wconf 86' lang='lat' dir='ltr'><strong>promiscue:</strong></span> <span class='ocrx_word' id='word_1_171' title='bbox 2497 1967 2500 1973; x_wconf 84' lang='lat'>.</span> 
     </span>
     <span class='ocr_line' id='line_1_15' title="bbox 464 1968 2490 2063; baseline -0.002 -21"><span class='ocrx_word' id='word_1_172' title='bbox 464 1976 644 2042; x_wconf 78' lang='lat' dir='ltr'><strong>offerimus</strong></span> <span class='ocrx_word' id='word_1_173' title='bbox 678 1977 868 2055; x_wconf 87' lang='lat' dir='ltr'><strong>orationes,</strong></span> <span class='ocrx_word' id='word_1_174' title='bbox 889 1974 1066 2058; x_wconf 71' lang='lat' dir='ltr'><strong>Oilei-imus</strong></span> <span class='ocrx_word' id='word_1_175' title='bbox 1087 1994 1218 2058; x_wconf 87' lang='lat' dir='ltr'><strong>panem,</strong></span> <span class='ocrx_word' id='word_1_176' title='bbox 1240 1973 1365 2053; x_wconf 88' lang='lat' dir='ltr'><strong>vinum,</strong></span> <span class='ocrx_word' id='word_1_177' title='bbox 1386 1968 1446 2037; x_wconf 87' lang='lat' dir='ltr'><strong>Of·</strong></span> <span class='ocrx_word' id='word_1_178' title='bbox 1584 1969 1676 2059; x_wconf 89' lang='lat' dir='ltr'><strong>Ergo</strong></span> <span class='ocrx_word' id='word_1_179' title='bbox 1698 1974 1887 2060; x_wconf 81' lang='lat' dir='ltr'><strong>testimonia</strong></span> <span class='ocrx_word' id='word_1_180' title='bbox 1908 1974 2111 2063; x_wconf 81' lang='lat' dir='ltr'><strong>antiquitatis</strong></span> <span class='ocrx_word' id='word_1_181' title='bbox 2140 1997 2210 2041; x_wconf 91' lang='lat' dir='ltr'><strong>non</strong></span> <span class='ocrx_word' id='word_1_182' title='bbox 2231 1974 2490 2060; x_wconf 84' lang='lat' dir='ltr'><strong>patrocinantur</strong></span> 
     </span>
     <span class='ocr_line' id='line_1_16' title="bbox 462 2057 2490 2151; baseline -0.002 -24"><span class='ocrx_word' id='word_1_183' title='bbox 462 2060 603 2128; x_wconf 78' lang='lat' dir='ltr'><strong>ferimus</strong></span> <span class='ocrx_word' id='word_1_184' title='bbox 627 2082 751 2147; x_wconf 85' lang='lat' dir='ltr'><strong>corpus</strong></span> <span class='ocrx_word' id='word_1_185' title='bbox 774 2072 808 2127; x_wconf 88' lang='lat' dir='ltr'><strong>et</strong></span> <span class='ocrx_word' id='word_1_186' title='bbox 828 2081 890 2126; x_wconf 86' lang='lat' dir='ltr'><strong>sau</strong></span> <span class='ocrx_word' id='word_1_187' title='bbox 938 2062 1024 2126; x_wconf 91' lang='lat' dir='ltr'><strong>inem</strong></span> <span class='ocrx_word' id='word_1_188' title='bbox 1046 2057 1183 2137; x_wconf 86' lang='lat' dir='ltr'><strong>Christi,</strong></span> <span class='ocrx_word' id='word_1_189' title='bbox 1204 2058 1289 2125; x_wconf 88' lang='lat' dir='ltr'><strong>Nam</strong></span> <span class='ocrx_word' id='word_1_190' title='bbox 1310 2060 1343 2125; x_wconf 90' lang='lat' dir='ltr'><strong>id</strong></span> <span class='ocrx_word' id='word_1_191' title='bbox 1366 2079 1448 2144; x_wconf 91' lang='lat' dir='ltr'><strong>quo·</strong></span> <span class='ocrx_word' id='word_1_192' title='bbox 1498 2060 1741 2124; x_wconf 87' lang='lat' dir='ltr'><strong>recentioribus</strong></span> <span class='ocrx_word' id='word_1_193' title='bbox 1764 2063 1945 2145; x_wconf 75' lang='lat' dir='ltr'><strong>abusibus,</strong></span> <span class='ocrx_word' id='word_1_194' title='bbox 1976 2083 2063 2151; x_wconf 88' lang='lat' dir='ltr'><strong>quaa</strong></span> <span class='ocrx_word' id='word_1_195' title='bbox 2083 2064 2203 2151; x_wconf 92' lang='lat' dir='ltr'><strong>partim</strong></span> <span class='ocrx_word' id='word_1_196' title='bbox 2226 2058 2335 2126; x_wconf 88' lang='lat' dir='ltr'><strong>aliena</strong></span> <span class='ocrx_word' id='word_1_197' title='bbox 2355 2073 2439 2125; x_wconf 88' lang='lat' dir='ltr'><strong>sunt</strong></span> <span class='ocrx_word' id='word_1_198' title='bbox 2466 2078 2490 2123; x_wconf 91' lang='lat' dir='ltr'><strong>a</strong></span> 
     </span>
     <span class='ocr_line' id='line_1_17' title="bbox 464 2082 2490 2237; baseline -0.002 -22"><span class='ocrx_word' id='word_1_199' title='bbox 464 2170 535 2236; x_wconf 67' lang='lat' dir='ltr'><strong>que¹</strong></span> <span class='ocrx_word' id='word_1_200' title='bbox 564 2150 729 2234; x_wconf 87' lang='lat' dir='ltr'><strong>reperitur</strong></span> <span class='ocrx_word' id='word_1_201' title='bbox 761 2148 863 2232; x_wconf 85' lang='lat' dir='ltr'><strong>apud·</strong></span> <span class='ocrx_word' id='word_1_202' title='bbox 880 2082 1093 2235; x_wconf 58' lang='lat' dir='ltr'><strong>gyuprianum.</strong></span> <span class='ocrx_word' id='word_1_203' title='bbox 1145 2145 1230 2211; x_wconf 86' lang='lat' dir='ltr'><strong>Hinc</strong></span> <span class='ocrx_word' id='word_1_204' title='bbox 1263 2145 1446 2211; x_wconf 85' lang='lat' dir='ltr'><strong>adversarii</strong></span> <span class='ocrx_word' id='word_1_205' title='bbox 1498 2145 1732 2227; x_wconf 76' lang='lat' dir='ltr'><strong>praesentibus</strong></span> <span class='ocrx_word' id='word_1_206' title='bbox 1754 2151 1923 2230; x_wconf 88' lang='lat' dir='ltr'><strong>moribus,</strong></span> <span class='ocrx_word' id='word_1_207' title='bbox 1945 2151 2068 2237; x_wconf 88' lang='lat' dir='ltr'><strong>partim</strong></span> <span class='ocrx_word' id='word_1_208' title='bbox 2096 2150 2125 2214; x_wconf 90' lang='lat' dir='ltr'><strong>si</strong></span> <span class='ocrx_word' id='word_1_209' title='bbox 2149 2150 2228 2235; x_wconf 93' lang='lat' dir='ltr'><strong>quid</strong></span> <span class='ocrx_word' id='word_1_210' title='bbox 2247 2148 2374 2212; x_wconf 90' lang='lat' dir='ltr'><strong>habent</strong></span> <span class='ocrx_word' id='word_1_211' title='bbox 2400 2143 2490 2223; x_wconf 84' lang='lat' dir='ltr'><strong>vitii,</strong></span> 
     </span>
    </p>
   </div>
   <div class='ocr_carea' id='block_1_5' title="bbox 461 2230 2495 2559">
    <p class='ocr_par' dir='ltr' id='par_1_8' title="bbox 461 2230 2495 2559">
     <span class='ocr_line' id='line_1_18' title="bbox 462 2230 2493 2320; baseline -0.002 -21"><span class='ocrx_word' id='word_1_212' title='bbox 462 2236 570 2299; x_wconf 84' lang='lat' dir='ltr'><strong>nostri</strong></span> <span class='ocrx_word' id='word_1_213' title='bbox 593 2245 728 2300; x_wconf 89' lang='lat' dir='ltr'><strong>sumunt</strong></span> <span class='ocrx_word' id='word_1_214' title='bbox 751 2235 950 2313; x_wconf 89' lang='lat' dir='ltr'><strong>testimonia,</strong></span> <span class='ocrx_word' id='word_1_215' title='bbox 972 2235 1016 2297; x_wconf 90' lang='lat' dir='ltr'><strong>ad</strong></span> <span class='ocrx_word' id='word_1_216' title='bbox 1038 2231 1282 2299; x_wconf 81' lang='lat' dir='ltr'><strong>defendendam</strong></span> <span class='ocrx_word' id='word_1_217' title='bbox 1302 2230 1447 2319; x_wconf 85' lang='lat' dir='ltr'><strong>propha-</strong></span> <span class='ocrx_word' id='word_1_218' title='bbox 1499 2249 1568 2295; x_wconf 92' lang='lat' dir='ltr'><strong>non</strong></span> <span class='ocrx_word' id='word_1_219' title='bbox 1602 2232 1724 2297; x_wconf 91' lang='lat' dir='ltr'><strong>debent</strong></span> <span class='ocrx_word' id='word_1_220' title='bbox 1757 2237 1881 2320; x_wconf 90' lang='lat' dir='ltr'><strong>opponi</strong></span> <span class='ocrx_word' id='word_1_221' title='bbox 1914 2235 2018 2316; x_wconf 83' lang='lat' dir='ltr'><strong>firmis</strong></span> <span class='ocrx_word' id='word_1_222' title='bbox 2050 2235 2251 2302; x_wconf 87' lang='lat' dir='ltr'><strong>testimoniis</strong></span> <span class='ocrx_word' id='word_1_223' title='bbox 2283 2233 2493 2317; x_wconf 84' lang='lat' dir='ltr'><strong>scripturae,</strong></span> 
     </span>
     <span class='ocr_line' id='line_1_19' title="bbox 461 2316 2494 2406; baseline -0.001 -21"><span class='ocrx_word' id='word_1_224' title='bbox 461 2322 631 2386; x_wconf 85' lang='lat' dir='ltr'><strong>nationem</strong></span> <span class='ocrx_word' id='word_1_225' title='bbox 655 2319 790 2385; x_wconf 86' lang='lat' dir='ltr'><strong>Coenae</strong></span> <span class='ocrx_word' id='word_1_226' title='bbox 811 2319 949 2385; x_wconf 89' lang='lat' dir='ltr'><strong>Domini</strong></span> <span class='ocrx_word' id='word_1_227' title='bbox 967 2320 1003 2383; x_wconf 92' lang='lat' dir='ltr'><strong>in</strong></span> <span class='ocrx_word' id='word_1_228' title='bbox 1024 2319 1132 2385; x_wconf 84' lang='lat' dir='ltr'><strong>Missa</strong></span> <span class='ocrx_word' id='word_1_229' title='bbox 1151 2320 1283 2406; x_wconf 86' lang='lat' dir='ltr'><strong>privata</strong></span> <span class='ocrx_word' id='word_1_230' title='bbox 1299 2328 1364 2385; x_wconf 88' lang='lat' dir='ltr'><strong>etc.</strong></span> <span class='ocrx_word' id='word_1_231' title='bbox 1500 2316 1579 2402; x_wconf 90' lang='lat' dir='ltr'><strong>quia</strong></span> <span class='ocrx_word' id='word_1_232' title='bbox 1600 2318 1698 2386; x_wconf 90' lang='lat' dir='ltr'><strong>etiam</strong></span> <span class='ocrx_word' id='word_1_233' title='bbox 1727 2316 1874 2406; x_wconf 87' lang='lat' dir='ltr'><strong>reliquae</strong></span> <span class='ocrx_word' id='word_1_234' title='bbox 1897 2335 2027 2389; x_wconf 81' lang='lat' dir='ltr'><strong>aetates</strong></span> <span class='ocrx_word' id='word_1_235' title='bbox 2055 2322 2244 2388; x_wconf 77' lang='lat' dir='ltr'><strong>hahuerunt</strong></span> <span class='ocrx_word' id='word_1_236' title='bbox 2275 2340 2337 2386; x_wconf 92' lang='lat' dir='ltr'><strong>sua</strong></span> <span class='ocrx_word' id='word_1_237' title='bbox 2359 2320 2494 2383; x_wconf 81' lang='lat' dir='ltr'><strong>incom-</strong></span> 
     </span>
     <span class='ocr_line' id='line_1_20' title="bbox 1500 2403 2495 2559; baseline 0.001 -92"><span class='ocrx_word' id='word_1_238' title='bbox 1500 2404 1609 2470; x_wconf 92' lang='lat' dir='ltr'><strong>moda.</strong></span> <span class='ocrx_word' id='word_1_239' title='bbox 1654 2403 1749 2470; x_wconf 87' lang='lat' dir='ltr'><strong>llaec</strong></span> <span class='ocrx_word' id='word_1_240' title='bbox 1769 2405 2016 2492; x_wconf 90' lang='lat' dir='ltr'><strong>simplicissime</strong></span> <span class='ocrx_word' id='word_1_241' title='bbox 2037 2411 2111 2478; x_wconf 91' lang='lat' dir='ltr'><strong>sine</strong></span> <span class='ocrx_word' id='word_1_242' title='bbox 2135 2406 2322 2559; x_wconf 73' lang='lat' dir='ltr'><strong>sophistica</strong></span> <span class='ocrx_word' id='word_1_243' title='bbox 2342 2423 2495 2490; x_wconf 85' lang='lat' dir='ltr'><strong>respon·</strong></span> 
     </span>
    </p>
   </div>
   <div class='ocr_carea' id='block_1_6' title="bbox 360 2489 2542 5679">
    <p class='ocr_par' dir='ltr' id='par_1_9' title="bbox 360 2489 2542 5679">
     <span class='ocr_line' id='line_1_21' title="bbox 553 2489 2178 2579; baseline 0.003 -23"><span class='ocrx_word' id='word_1_244' title='bbox 553 2490 680 2579; x_wconf 81' lang='lat' dir='ltr'><strong>Magna</strong></span> <span class='ocrx_word' id='word_1_245' title='bbox 702 2492 754 2557; x_wconf 88' lang='lat' dir='ltr'><strong>vis</strong></span> <span class='ocrx_word' id='word_1_246' title='bbox 784 2502 837 2556; x_wconf 90' lang='lat' dir='ltr'><strong>est</strong></span> <span class='ocrx_word' id='word_1_247' title='bbox 858 2491 1121 2570; x_wconf 86' lang='lat' dir='ltr'><strong>consuetudinis,</strong></span> <span class='ocrx_word' id='word_1_248' title='bbox 1143 2502 1176 2555; x_wconf 89' lang='lat' dir='ltr'><strong>et</strong></span> <span class='ocrx_word' id='word_1_249' title='bbox 1197 2490 1286 2556; x_wconf 87' lang='lat' dir='ltr'><strong>hanc</strong></span> <span class='ocrx_word' id='word_1_250' title='bbox 1307 2508 1449 2575; x_wconf 87' lang='lat' dir='ltr'><strong>sequen·</strong></span> <span class='ocrx_word' id='word_1_251' title='bbox 1501 2490 1566 2554; x_wconf 85' lang='lat' dir='ltr'><strong>deo</strong></span> <span class='ocrx_word' id='word_1_252' title='bbox 1588 2489 1632 2555; x_wconf 92' lang='lat' dir='ltr'><strong>ad</strong></span> <span class='ocrx_word' id='word_1_253' title='bbox 1654 2494 1759 2556; x_wconf 85' lang='lat' dir='ltr'><strong>verba</strong></span> <span class='ocrx_word' id='word_1_254' title='bbox 1777 2490 1965 2562; x_wconf 90' lang='lat' dir='ltr'><strong>oblationes</strong></span> <span class='ocrx_word' id='word_1_255' title='bbox 1988 2507 2023 2562; x_wconf 89' lang='lat' dir='ltr'><strong>et</strong></span> <span class='ocrx_word' id='word_1_256' title='bbox 2043 2494 2178 2561; x_wconf 82' lang='lat' dir='ltr'><strong>sacrific</strong></span> 
     </span>
     <span class='ocr_line' id='line_1_22' title="bbox 463 2573 1834 2663; baseline -0.003 -20"><span class='ocrx_word' id='word_1_257' title='bbox 463 2591 516 2643; x_wconf 90' lang='lat' dir='ltr'><strong>tes</strong></span> <span class='ocrx_word' id='word_1_258' title='bbox 538 2598 642 2663; x_wconf 90' lang='lat' dir='ltr'><strong>saepe</strong></span> <span class='ocrx_word' id='word_1_259' title='bbox 670 2577 848 2662; x_wconf 86' lang='lat' dir='ltr'><strong>improprie</strong></span> <span class='ocrx_word' id='word_1_260' title='bbox 875 2573 1057 2662; x_wconf 91' lang='lat' dir='ltr'><strong>loquuntur</strong></span> <span class='ocrx_word' id='word_1_261' title='bbox 1083 2575 1253 2655; x_wconf 89' lang='lat' dir='ltr'><strong>homiues,</strong></span> <span class='ocrx_word' id='word_1_262' title='bbox 1286 2574 1331 2640; x_wconf 92' lang='lat' dir='ltr'><strong>Ut</strong></span> <span class='ocrx_word' id='word_1_263' title='bbox 1358 2590 1462 2650; x_wconf 88' lang='lat' dir='ltr'><strong>nunc</strong></span> <span class='ocrx_word' id='word_1_264' title='bbox 1832 2579 1834 2582; x_wconf 81' lang='grc'><strong>’</strong></span> 
     </span>
     <span class='ocr_line' id='line_1_23' title="bbox 462 2660 1449 2746; baseline -0.004 -17"><span class='ocrx_word' id='word_1_265' title='bbox 462 2662 604 2729; x_wconf 84' lang='lat' dir='ltr'><strong>Missam</strong></span> <span class='ocrx_word' id='word_1_266' title='bbox 629 2665 785 2739; x_wconf 80' lang='lat' dir='ltr'><strong>dicimus,</strong></span> <span class='ocrx_word' id='word_1_267' title='bbox 819 2683 896 2727; x_wconf 89' lang='lat' dir='ltr'><strong>curu</strong></span> <span class='ocrx_word' id='word_1_268' title='bbox 923 2660 1007 2726; x_wconf 92' lang='lat' dir='ltr'><strong>nulli</strong></span> <span class='ocrx_word' id='word_1_269' title='bbox 1037 2675 1116 2727; x_wconf 92' lang='lat' dir='ltr'><strong>uota</strong></span> <span class='ocrx_word' id='word_1_270' title='bbox 1137 2664 1181 2726; x_wconf 89' lang='lat' dir='ltr'><strong>sit</strong></span> <span class='ocrx_word' id='word_1_271' title='bbox 1206 2662 1349 2726; x_wconf 91' lang='lat' dir='ltr'><strong>nominis</strong></span> <span class='ocrx_word' id='word_1_272' title='bbox 1378 2673 1449 2746; x_wconf 91' lang='lat' dir='ltr'><strong>ety-</strong></span> 
     </span>
     <span class='ocr_line' id='line_1_24' title="bbox 462 2744 1449 2834; baseline -0.004 -20"><span class='ocrx_word' id='word_1_273' title='bbox 462 2747 621 2834; x_wconf 83' lang='lat' dir='ltr'><strong>mologia.</strong></span> <span class='ocrx_word' id='word_1_274' title='bbox 667 2749 716 2812; x_wconf 90' lang='lat' dir='ltr'><strong>lta</strong></span> <span class='ocrx_word' id='word_1_275' title='bbox 739 2759 872 2812; x_wconf 88' lang='lat' dir='ltr'><strong>veteres</strong></span> <span class='ocrx_word' id='word_1_276' title='bbox 894 2749 1097 2814; x_wconf 88' lang='lat' dir='ltr'><strong>retinuerunt</strong></span> <span class='ocrx_word' id='word_1_277' title='bbox 1119 2745 1286 2814; x_wconf 84' lang='lat' dir='ltr'><strong>vocabula</strong></span> <span class='ocrx_word' id='word_1_278' title='bbox 1308 2744 1449 2812; x_wconf 84' lang='lat' dir='ltr'><strong>oblatio·</strong></span> 
     </span>
     <span class='ocr_line' id='line_1_25' title="bbox 462 2829 1804 2919; baseline -0.004 -19"><span class='ocrx_word' id='word_1_279' title='bbox 462 2838 516 2900; x_wconf 89' lang='lat' dir='ltr'><strong>uis</strong></span> <span class='ocrx_word' id='word_1_280' title='bbox 538 2848 571 2900; x_wconf 91' lang='lat' dir='ltr'><strong>et</strong></span> <span class='ocrx_word' id='word_1_281' title='bbox 594 2833 770 2913; x_wconf 78' lang='lat' dir='ltr'><strong>sacrificii,</strong></span> <span class='ocrx_word' id='word_1_282' title='bbox 804 2854 869 2898; x_wconf 92' lang='lat' dir='ltr'><strong>nou</strong></span> <span class='ocrx_word' id='word_1_283' title='bbox 898 2834 1076 2899; x_wconf 90' lang='lat' dir='ltr'><strong>admodum</strong></span> <span class='ocrx_word' id='word_1_284' title='bbox 1104 2845 1261 2900; x_wconf 87' lang='lat' dir='ltr'><strong>curantes</strong></span> <span class='ocrx_word' id='word_1_285' title='bbox 1288 2829 1449 2919; x_wconf 88' lang='lat' dir='ltr'><strong>etymolo·</strong></span> <span class='ocrx_word' id='word_1_286' title='bbox 1797 2879 1804 2894; x_wconf 85' lang='grc'><em>,</em></span> 
     </span>
     <span class='ocr_line' id='line_1_26' title="bbox 464 2910 2116 3008; baseline -0.002 -22"><span class='ocrx_word' id='word_1_287' title='bbox 464 2923 570 3008; x_wconf 87' lang='lat' dir='ltr'><strong>giam,</strong></span> <span class='ocrx_word' id='word_1_288' title='bbox 591 2932 649 2985; x_wconf 94' lang='lat' dir='ltr'><strong>aut</strong></span> <span class='ocrx_word' id='word_1_289' title='bbox 669 2921 839 3004; x_wconf 88' lang='lat' dir='ltr'><strong>propriam</strong></span> <span class='ocrx_word' id='word_1_290' title='bbox 867 2919 1153 3006; x_wconf 85' lang='lat' dir='ltr'><strong>significationem.</strong></span> <span class='ocrx_word' id='word_1_291' title='bbox 1196 2918 1240 2985; x_wconf 88' lang='lat' dir='ltr'><strong>Et</strong></span> <span class='ocrx_word' id='word_1_292' title='bbox 1267 2921 1345 3005; x_wconf 93' lang='lat' dir='ltr'><strong>quia</strong></span> <span class='ocrx_word' id='word_1_293' title='bbox 1366 2920 1449 2983; x_wconf 82' lang='lat' dir='ltr'><strong>vidit</strong></span> <span class='ocrx_word' id='word_1_294' title='bbox 1859 2910 1925 2996; x_wconf 86' lang='lat' dir='ltr'><strong>De</strong></span> <span class='ocrx_word' id='word_1_295' title='bbox 1956 2912 2116 2997; x_wconf 72' lang='lat' dir='ltr'><strong>Basilio,</strong></span> 
     </span>
     <span class='ocr_line' id='line_1_27' title="bbox 462 3003 1779 3093; baseline -0.002 -21"><span class='ocrx_word' id='word_1_296' title='bbox 462 3009 675 3093; x_wconf 83' lang='lat' dir='ltr'><strong>Augustinus</strong></span> <span class='ocrx_word' id='word_1_297' title='bbox 697 3003 821 3090; x_wconf 88' lang='lat' dir='ltr'><strong>aliquid</strong></span> <span class='ocrx_word' id='word_1_298' title='bbox 848 3007 883 3071; x_wconf 91' lang='lat' dir='ltr'><strong>in</strong></span> <span class='ocrx_word' id='word_1_299' title='bbox 916 3005 969 3070; x_wconf 88' lang='lat' dir='ltr'><strong>his</strong></span> <span class='ocrx_word' id='word_1_300' title='bbox 991 3005 1229 3092; x_wconf 91' lang='lat' dir='ltr'><strong>appellationib</strong></span> <span class='ocrx_word' id='word_1_301' title='bbox 1253 3026 1271 3071; x_wconf 90' lang='lat' dir='ltr'><strong>s</strong></span> <span class='ocrx_word' id='word_1_302' title='bbox 1300 3025 1378 3070; x_wconf 88' lang='lat' dir='ltr'><strong>esse</strong></span> <span class='ocrx_word' id='word_1_303' title='bbox 1399 3005 1448 3069; x_wconf 91' lang='lat' dir='ltr'><strong>in·</strong></span> <span class='ocrx_word' id='word_1_304' title='bbox 1771 3007 1779 3014; x_wconf 85' lang='lat'><strong><em>‘</em></strong></span> 
     </span>
     <span class='ocr_line' id='line_1_28' title="bbox 464 3089 1627 3178; baseline -0.004 -20"><span class='ocrx_word' id='word_1_305' title='bbox 464 3094 642 3170; x_wconf 89' lang='lat' dir='ltr'><strong>commodi,</strong></span> <span class='ocrx_word' id='word_1_306' title='bbox 666 3095 738 3176; x_wconf 87' lang='lat' dir='ltr'><strong>ipse</strong></span> <span class='ocrx_word' id='word_1_307' title='bbox 760 3089 863 3171; x_wconf 88' lang='lat' dir='ltr'><strong>leniit,</strong></span> <span class='ocrx_word' id='word_1_308' title='bbox 884 3091 1110 3172; x_wconf 87' lang='lat' dir='ltr'><strong>Sacrificium,</strong></span> <span class='ocrx_word' id='word_1_309' title='bbox 1140 3092 1231 3178; x_wconf 85' lang='lat' dir='ltr'><strong>inqui</strong></span> <span class='ocrx_word' id='word_1_310' title='bbox 1251 3138 1264 3169; x_wconf 87' lang='lat'><strong>,</strong></span> <span class='ocrx_word' id='word_1_311' title='bbox 1287 3092 1351 3156; x_wconf 88' lang='lat' dir='ltr'><strong>dici</strong></span> <span class='ocrx_word' id='word_1_312' title='bbox 1383 3110 1446 3174; x_wconf 88' lang='lat' dir='ltr'><strong>pro</strong></span> <span class='ocrx_word' id='word_1_313' title='bbox 1625 3168 1627 3172; x_wconf 10' lang='lat'><strong>¹</strong></span> 
     </span>
     <span class='ocr_line' id='line_1_29' title="bbox 461 3174 2499 3263; baseline -0.002 -18"><span class='ocrx_word' id='word_1_314' title='bbox 461 3180 622 3245; x_wconf 89' lang='lat' dir='ltr'><strong>memoria</strong></span> <span class='ocrx_word' id='word_1_315' title='bbox 645 3177 812 3259; x_wconf 84' lang='lat' dir='ltr'><strong>sacrificii,</strong></span> <span class='ocrx_word' id='word_1_316' title='bbox 834 3190 867 3242; x_wconf 92' lang='lat' dir='ltr'><strong>et</strong></span> <span class='ocrx_word' id='word_1_317' title='bbox 883 3177 1084 3243; x_wconf 88' lang='lat' dir='ltr'><strong>oblationem</strong></span> <span class='ocrx_word' id='word_1_318' title='bbox 1100 3200 1162 3263; x_wconf 93' lang='lat' dir='ltr'><strong>pro</strong></span> <span class='ocrx_word' id='word_1_319' title='bbox 1178 3178 1337 3243; x_wconf 89' lang='lat' dir='ltr'><strong>memoria</strong></span> <span class='ocrx_word' id='word_1_320' title='bbox 1354 3176 1458 3242; x_wconf 92' lang='lat' dir='ltr'><strong>obla··</strong></span> <span class='ocrx_word' id='word_1_321' title='bbox 1586 3174 1622 3241; x_wconf 92' lang='lat' dir='ltr'><strong>ln</strong></span> <span class='ocrx_word' id='word_1_322' title='bbox 1633 3175 1760 3244; x_wconf 89' lang='lat' dir='ltr'><strong>Basilio</strong></span> <span class='ocrx_word' id='word_1_323' title='bbox 1783 3192 1898 3246; x_wconf 85' lang='lat' dir='ltr'><strong>extant</strong></span> <span class='ocrx_word' id='word_1_324' title='bbox 1918 3178 2013 3247; x_wconf 85' lang='lat' dir='ltr'><strong>utilia</strong></span> <span class='ocrx_word' id='word_1_325' title='bbox 2028 3179 2228 3257; x_wconf 84' lang='lat' dir='ltr'><strong>testimonie,</strong></span> <span class='ocrx_word' id='word_1_326' title='bbox 2249 3175 2303 3243; x_wconf 88' lang='lat' dir='ltr'><strong>De</strong></span> <span class='ocrx_word' id='word_1_327' title='bbox 2313 3174 2499 3257; x_wconf 85' lang='lat' dir='ltr'><strong>Trinitate,</strong></span> 
     </span>
     <span class='ocr_line' id='line_1_30' title="bbox 461 3261 2499 3351; baseline -0.001 -20"><span class='ocrx_word' id='word_1_328' title='bbox 461 3267 575 3332; x_wconf 73' lang='lat' dir='ltr'><strong>donis.</strong></span> <span class='ocrx_word' id='word_1_329' title='bbox 621 3264 694 3332; x_wconf 89' lang='lat' dir='ltr'><strong>llae</strong></span> <span class='ocrx_word' id='word_1_330' title='bbox 717 3278 795 3348; x_wconf 75' lang='lat' dir='ltr'><strong>sunt</strong></span> <span class='ocrx_word' id='word_1_331' title='bbox 815 3266 1052 3351; x_wconf 83' lang='lat' dir='ltr'><strong>metonymiae,</strong></span> <span class='ocrx_word' id='word_1_332' title='bbox 1073 3276 1109 3330; x_wconf 89' lang='lat' dir='ltr'><strong>ut</strong></span> <span class='ocrx_word' id='word_1_333' title='bbox 1131 3265 1281 3341; x_wconf 89' lang='lat' dir='ltr'><strong>dicimus,</strong></span> <span class='ocrx_word' id='word_1_334' title='bbox 1313 3261 1448 3328; x_wconf 86' lang='lat' dir='ltr'><strong>Pascha</strong></span> <span class='ocrx_word' id='word_1_335' title='bbox 1499 3273 1534 3328; x_wconf 89' lang='lat' dir='ltr'><strong>et</strong></span> <span class='ocrx_word' id='word_1_336' title='bbox 1560 3262 1603 3326; x_wconf 88' lang='lat' dir='ltr'><strong>de</strong></span> <span class='ocrx_word' id='word_1_337' title='bbox 1637 3267 1857 3348; x_wconf 83' lang='lat' dir='ltr'><strong>poenitentia,</strong></span> <span class='ocrx_word' id='word_1_338' title='bbox 1890 3282 2007 3333; x_wconf 89' lang='lat' dir='ltr'><strong>contra</strong></span> <span class='ocrx_word' id='word_1_339' title='bbox 2028 3266 2208 3333; x_wconf 83' lang='lat' dir='ltr'><strong>Nouatum.</strong></span> <span class='ocrx_word' id='word_1_340' title='bbox 2253 3264 2290 3328; x_wconf 92' lang='lat' dir='ltr'><strong>ln</strong></span> <span class='ocrx_word' id='word_1_341' title='bbox 2320 3263 2499 3329; x_wconf 90' lang='lat' dir='ltr'><strong>concione</strong></span> 
     </span>
     <span class='ocr_line' id='line_1_31' title="bbox 461 3346 2499 3440; baseline 0 -25"><span class='ocrx_word' id='word_1_342' title='bbox 461 3371 524 3435; x_wconf 84' lang='lat' dir='ltr'><strong>prp</strong></span> <span class='ocrx_word' id='word_1_343' title='bbox 543 3354 714 3428; x_wconf 88' lang='lat' dir='ltr'><strong>memoria,</strong></span> <span class='ocrx_word' id='word_1_344' title='bbox 737 3372 798 3417; x_wconf 89' lang='lat' dir='ltr'><strong>seu</strong></span> <span class='ocrx_word' id='word_1_345' title='bbox 820 3352 918 3437; x_wconf 87' lang='lat' dir='ltr'><strong>signo</strong></span> <span class='ocrx_word' id='word_1_346' title='bbox 940 3353 1113 3417; x_wconf 87' lang='lat' dir='ltr'><strong>transitus.</strong></span> <span class='ocrx_word' id='word_1_347' title='bbox 1142 3350 1210 3415; x_wconf 89' lang='lat' dir='ltr'><strong>Sed</strong></span> <span class='ocrx_word' id='word_1_348' title='bbox 1227 3348 1307 3415; x_wconf 92' lang='lat' dir='ltr'><strong>nolo</strong></span> <span class='ocrx_word' id='word_1_349' title='bbox 1331 3360 1448 3436; x_wconf 85' lang='lat' dir='ltr'><strong>argute</strong></span> <span class='ocrx_word' id='word_1_350' title='bbox 1501 3351 1542 3416; x_wconf 89' lang='lat' dir='ltr'><strong>de</strong></span> <span class='ocrx_word' id='word_1_351' title='bbox 1564 3346 1749 3418; x_wconf 90' lang='lat' dir='ltr'><strong>humilitate</strong></span> <span class='ocrx_word' id='word_1_352' title='bbox 1770 3355 1871 3418; x_wconf 87' lang='lat' dir='ltr'><strong>tradit</strong></span> <span class='ocrx_word' id='word_1_353' title='bbox 1892 3355 2060 3440; x_wconf 87' lang='lat' dir='ltr'><strong>egregiam</strong></span> <span class='ocrx_word' id='word_1_354' title='bbox 2078 3351 2278 3419; x_wconf 86' lang='lat' dir='ltr'><strong>sententiam</strong></span> <span class='ocrx_word' id='word_1_355' title='bbox 2301 3350 2344 3413; x_wconf 91' lang='lat' dir='ltr'><strong>de</strong></span> <span class='ocrx_word' id='word_1_356' title='bbox 2362 3350 2499 3415; x_wconf 83' lang='lat' dir='ltr'><strong>iustitia</strong></span> 
     </span>
     <span class='ocr_line' id='line_1_32' title="bbox 461 3432 2499 3525; baseline 0 -24"><span class='ocrx_word' id='word_1_357' title='bbox 461 3434 519 3501; x_wconf 80' lang='lat' dir='ltr'><strong>rel</strong></span> <span class='ocrx_word' id='word_1_358' title='bbox 539 3438 751 3522; x_wconf 81' lang='lat' dir='ltr'><strong>interpretari</strong></span> <span class='ocrx_word' id='word_1_359' title='bbox 784 3436 840 3503; x_wconf 88' lang='lat' dir='ltr'><strong>vel</strong></span> <span class='ocrx_word' id='word_1_360' title='bbox 868 3459 1032 3503; x_wconf 81' lang='lat' dir='ltr'><strong>excusare</strong></span> <span class='ocrx_word' id='word_1_361' title='bbox 1064 3436 1265 3502; x_wconf 87' lang='lat' dir='ltr'><strong>locutionem</strong></span> <span class='ocrx_word' id='word_1_362' title='bbox 1292 3437 1447 3501; x_wconf 84' lang='lat' dir='ltr'><strong>usitatam</strong></span> <span class='ocrx_word' id='word_1_363' title='bbox 1500 3436 1588 3514; x_wconf 88' lang='lat' dir='ltr'><strong>fidei,</strong></span> <span class='ocrx_word' id='word_1_364' title='bbox 1624 3458 1711 3522; x_wconf 89' lang='lat' dir='ltr'><strong>quae</strong></span> <span class='ocrx_word' id='word_1_365' title='bbox 1742 3440 1840 3505; x_wconf 88' lang='lat' dir='ltr'><strong>nohis</strong></span> <span class='ocrx_word' id='word_1_366' title='bbox 1874 3452 1989 3525; x_wconf 89' lang='lat' dir='ltr'><strong>aperte</strong></span> <span class='ocrx_word' id='word_1_367' title='bbox 2023 3439 2261 3523; x_wconf 89' lang='lat' dir='ltr'><strong>patrocinatur.</strong></span> <span class='ocrx_word' id='word_1_368' title='bbox 2306 3436 2386 3502; x_wconf 89' lang='lat' dir='ltr'><strong>Sine</strong></span> <span class='ocrx_word' id='word_1_369' title='bbox 2420 3432 2499 3502; x_wconf 86' lang='lat' dir='ltr'><strong>ulla</strong></span> 
     </span>
     <span class='ocr_line' id='line_1_33' title="bbox 462 3520 2496 3612; baseline -0.001 -24"><span class='ocrx_word' id='word_1_370' title='bbox 462 3520 553 3588; x_wconf 90' lang='lat' dir='ltr'><strong>illius</strong></span> <span class='ocrx_word' id='word_1_371' title='bbox 576 3525 749 3607; x_wconf 87' lang='lat' dir='ltr'><strong>temporis.</strong></span> <span class='ocrx_word' id='word_1_372' title='bbox 795 3524 853 3587; x_wconf 88' lang='lat' dir='ltr'><strong>Sic</strong></span> <span class='ocrx_word' id='word_1_373' title='bbox 876 3525 961 3586; x_wconf 91' lang='lat' dir='ltr'><strong>enim</strong></span> <span class='ocrx_word' id='word_1_374' title='bbox 983 3521 1129 3609; x_wconf 87' lang='lat' dir='ltr'><strong>populus</strong></span> <span class='ocrx_word' id='word_1_375' title='bbox 1151 3521 1369 3609; x_wconf 89' lang='lat' dir='ltr'><strong>loquebatur,</strong></span> <span class='ocrx_word' id='word_1_376' title='bbox 1391 3522 1448 3608; x_wconf 92' lang='lat' dir='ltr'><strong>qui</strong></span> <span class='ocrx_word' id='word_1_377' title='bbox 1501 3520 1692 3605; x_wconf 86' lang='lat' dir='ltr'><strong>Sophistiea</strong></span> <span class='ocrx_word' id='word_1_378' title='bbox 1720 3524 1862 3591; x_wconf 88' lang='lat' dir='ltr'><strong>detrahit</strong></span> <span class='ocrx_word' id='word_1_379' title='bbox 1888 3525 2152 3591; x_wconf 85' lang='lat' dir='ltr'><strong>iustificationem</strong></span> <span class='ocrx_word' id='word_1_380' title='bbox 2182 3524 2281 3612; x_wconf 86' lang='lat' dir='ltr'><strong>bonis</strong></span> <span class='ocrx_word' id='word_1_381' title='bbox 2314 3521 2496 3606; x_wconf 89' lang='lat' dir='ltr'><strong>operibus,</strong></span> 
     </span>
     <span class='ocr_line' id='line_1_34' title="bbox 360 3604 2498 3693; baseline -0 -19"><span class='ocrx_word' id='word_1_382' title='bbox 360 3618 362 3624; x_wconf 84' lang='grc'><em>’</em></span> <span class='ocrx_word' id='word_1_383' title='bbox 462 3607 628 3674; x_wconf 87' lang='lat' dir='ltr'><strong>interdum</strong></span> <span class='ocrx_word' id='word_1_384' title='bbox 652 3610 769 3691; x_wconf 85' lang='lat' dir='ltr'><strong>recipit</strong></span> <span class='ocrx_word' id='word_1_385' title='bbox 789 3610 1001 3693; x_wconf 90' lang='lat' dir='ltr'><strong>impropriam</strong></span> <span class='ocrx_word' id='word_1_386' title='bbox 1023 3629 1152 3674; x_wconf 87' lang='lat' dir='ltr'><strong>vocem.</strong></span> <span class='ocrx_word' id='word_1_387' title='bbox 1500 3630 1564 3673; x_wconf 86' lang='lat' dir='ltr'><strong>nec</strong></span> <span class='ocrx_word' id='word_1_388' title='bbox 1586 3604 1733 3693; x_wconf 89' lang='lat' dir='ltr'><strong>loquitur</strong></span> <span class='ocrx_word' id='word_1_389' title='bbox 1766 3612 1807 3677; x_wconf 90' lang='lat' dir='ltr'><strong>de</strong></span> <span class='ocrx_word' id='word_1_390' title='bbox 1830 3610 2128 3691; x_wconf 89' lang='lat' dir='ltr'><strong>ceremonialibus‚</strong></span> <span class='ocrx_word' id='word_1_391' title='bbox 2162 3610 2223 3673; x_wconf 89' lang='lat' dir='ltr'><strong>sed</strong></span> <span class='ocrx_word' id='word_1_392' title='bbox 2257 3610 2299 3672; x_wconf 89' lang='lat' dir='ltr'><strong>de</strong></span> <span class='ocrx_word' id='word_1_393' title='bbox 2331 3608 2498 3673; x_wconf 87' lang='lat' dir='ltr'><strong>omnibus</strong></span> 
     </span>
     <span class='ocr_line' id='line_1_35' title="bbox 526 3694 2498 3783; baseline 0 -24"><span class='ocrx_word' id='word_1_394' title='bbox 526 3715 528 3720; x_wconf 89' lang='lat'>·</span> <span class='ocrx_word' id='word_1_395' title='bbox 1500 3694 1700 3769; x_wconf 86' lang='lat' dir='ltr'><strong>virtutibus,</strong></span> <span class='ocrx_word' id='word_1_396' title='bbox 1733 3717 1797 3763; x_wconf 91' lang='lat' dir='ltr'><strong>nec</strong></span> <span class='ocrx_word' id='word_1_397' title='bbox 1826 3709 1951 3763; x_wconf 92' lang='lat' dir='ltr'><strong>tantum</strong></span> <span class='ocrx_word' id='word_1_398' title='bbox 1980 3696 2126 3783; x_wconf 89' lang='lat' dir='ltr'><strong>loquitur</strong></span> <span class='ocrx_word' id='word_1_399' title='bbox 2154 3698 2196 3760; x_wconf 89' lang='lat' dir='ltr'><strong>de</strong></span> <span class='ocrx_word' id='word_1_400' title='bbox 2228 3694 2389 3778; x_wconf 89' lang='lat' dir='ltr'><strong>operibus</strong></span> <span class='ocrx_word' id='word_1_401' title='bbox 2413 3704 2498 3759; x_wconf 90' lang='lat' dir='ltr'><strong>ante</strong></span> 
     </span>
     <span class='ocr_line' id='line_1_36' title="bbox 550 3775 2497 3864; baseline 0.001 -20"><span class='ocrx_word' id='word_1_402' title='bbox 550 3778 709 3844; x_wconf 89' lang='lat' dir='ltr'><strong>lrenaeus</strong></span> <span class='ocrx_word' id='word_1_403' title='bbox 734 3775 826 3844; x_wconf 90' lang='lat' dir='ltr'><strong>clare</strong></span> <span class='ocrx_word' id='word_1_404' title='bbox 849 3778 926 3844; x_wconf 88' lang='lat' dir='ltr'><strong>dicit</strong></span> <span class='ocrx_word' id='word_1_405' title='bbox 948 3777 1037 3844; x_wconf 90' lang='lat' dir='ltr'><strong>hanc</strong></span> <span class='ocrx_word' id='word_1_406' title='bbox 1058 3775 1259 3844; x_wconf 90' lang='lat' dir='ltr'><strong>oblationem</strong></span> <span class='ocrx_word' id='word_1_407' title='bbox 1279 3798 1357 3843; x_wconf 89' lang='lat' dir='ltr'><strong>esse</strong></span> <span class='ocrx_word' id='word_1_408' title='bbox 1374 3798 1449 3864; x_wconf 83' lang='lat' dir='ltr'><strong>gra·</strong></span> <span class='ocrx_word' id='word_1_409' title='bbox 1502 3781 1765 3862; x_wconf 80' lang='lat' dir='ltr'><strong>renovationem,</strong></span> <span class='ocrx_word' id='word_1_410' title='bbox 1787 3785 1850 3848; x_wconf 88' lang='lat' dir='ltr'><strong>sed</strong></span> <span class='ocrx_word' id='word_1_411' title='bbox 1873 3784 2104 3849; x_wconf 82' lang='lat' dir='ltr'><strong>davirtutibus</strong></span> <span class='ocrx_word' id='word_1_412' title='bbox 2125 3785 2158 3847; x_wconf 90' lang='lat' dir='ltr'><strong>in</strong></span> <span class='ocrx_word' id='word_1_413' title='bbox 2181 3782 2365 3859; x_wconf 74' lang='lat' dir='ltr'><strong>renovatiS,</strong></span> <span class='ocrx_word' id='word_1_414' title='bbox 2387 3781 2497 3845; x_wconf 85' lang='lat' dir='ltr'><strong>aciu-</strong></span> 
     </span>
     <span class='ocr_line' id='line_1_37' title="bbox 462 3864 2496 3954; baseline -0.001 -21"><span class='ocrx_word' id='word_1_415' title='bbox 462 3867 783 3933; x_wconf 83' lang='lat' dir='ltr'><strong>tiammuotionem.</strong></span> <span class='ocrx_word' id='word_1_416' title='bbox 800 3864 903 3946; x_wconf 59' lang='lat' dir='ltr'><strong>,ldem</strong></span> <span class='ocrx_word' id='word_1_417' title='bbox 925 3867 1114 3930; x_wconf 81' lang='lat' dir='ltr'><strong>sentiebant</strong></span> <span class='ocrx_word' id='word_1_418' title='bbox 1136 3866 1270 3945; x_wconf 88' lang='lat' dir='ltr'><strong>caeteri,</strong></span> <span class='ocrx_word' id='word_1_419' title='bbox 1292 3877 1326 3930; x_wconf 89' lang='lat' dir='ltr'><strong>ut</strong></span> <span class='ocrx_word' id='word_1_420' title='bbox 1350 3869 1450 3929; x_wconf 86' lang='lat' dir='ltr'><strong>tesia·</strong></span> <span class='ocrx_word' id='word_1_421' title='bbox 1502 3867 1558 3931; x_wconf 87' lang='lat' dir='ltr'><strong>het</strong></span> <span class='ocrx_word' id='word_1_422' title='bbox 1581 3868 1717 3945; x_wconf 82' lang='lat' dir='ltr'><strong>sentire,</strong></span> <span class='ocrx_word' id='word_1_423' title='bbox 1739 3870 1830 3954; x_wconf 90' lang='lat' dir='ltr'><strong>quod</strong></span> <span class='ocrx_word' id='word_1_424' title='bbox 1849 3867 1923 3934; x_wconf 84' lang='lat' dir='ltr'><strong>sola</strong></span> <span class='ocrx_word' id='word_1_425' title='bbox 1945 3868 2066 3934; x_wconf 86' lang='lat' dir='ltr'><strong>fiducia</strong></span> <span class='ocrx_word' id='word_1_426' title='bbox 2087 3868 2336 3935; x_wconf 88' lang='lat' dir='ltr'><strong>misericordiae</strong></span> <span class='ocrx_word' id='word_1_427' title='bbox 2348 3878 2496 3954; x_wconf 90' lang='lat' dir='ltr'><strong>propter</strong></span> 
     </span>
     <span class='ocr_line' id='line_1_38' title="bbox 462 3948 2111 4042; baseline -0.001 -23"><span class='ocrx_word' id='word_1_428' title='bbox 462 3964 518 4019; x_wconf 89' lang='lat' dir='ltr'><strong>tur</strong></span> <span class='ocrx_word' id='word_1_429' title='bbox 540 3973 662 4018; x_wconf 91' lang='lat' dir='ltr'><strong>nomen</strong></span> <span class='ocrx_word' id='word_1_430' title='bbox 687 3948 939 4030; x_wconf 72' lang='lat' dir='ltr'><strong>Eucharistiae,</strong></span> <span class='ocrx_word' id='word_1_431' title='bbox 963 3951 1075 4024; x_wconf 86' lang='lat' dir='ltr'><strong>Quare</strong></span> <span class='ocrx_word' id='word_1_432' title='bbox 1098 3964 1274 4017; x_wconf 88' lang='lat' dir='ltr'><strong>senserunt</strong></span> <span class='ocrx_word' id='word_1_433' title='bbox 1296 3971 1373 4017; x_wconf 87' lang='lat' dir='ltr'><strong>esse</strong></span> <span class='ocrx_word' id='word_1_434' title='bbox 1397 3971 1450 4016; x_wconf 84' lang='lat' dir='ltr'><strong>ee·</strong></span> <span class='ocrx_word' id='word_1_435' title='bbox 1502 3950 1672 4021; x_wconf 87' lang='lat' dir='ltr'><strong>Christum</strong></span> <span class='ocrx_word' id='word_1_436' title='bbox 1693 3957 1879 4042; x_wconf 88' lang='lat' dir='ltr'><strong>promissae</strong></span> <span class='ocrx_word' id='word_1_437' title='bbox 1899 3956 1975 4021; x_wconf 86' lang='lat' dir='ltr'><strong>iusti</strong></span> <span class='ocrx_word' id='word_1_438' title='bbox 1998 3958 2111 4021; x_wconf 89' lang='lat' dir='ltr'><strong>simus.</strong></span> 
     </span>
     <span class='ocr_line' id='line_1_39' title="bbox 462 4035 1448 4124; baseline -0.003 -19"><span class='ocrx_word' id='word_1_439' title='bbox 462 4041 660 4117; x_wconf 89' lang='lat' dir='ltr'><strong>remoniam,</strong></span> <span class='ocrx_word' id='word_1_440' title='bbox 686 4058 752 4122; x_wconf 91' lang='lat' dir='ltr'><strong>qua</strong></span> <span class='ocrx_word' id='word_1_441' title='bbox 771 4049 917 4122; x_wconf 88' lang='lat' dir='ltr'><strong>aguntur</strong></span> <span class='ocrx_word' id='word_1_442' title='bbox 935 4037 1072 4124; x_wconf 86' lang='lat' dir='ltr'><strong>gratiae.</strong></span> <span class='ocrx_word' id='word_1_443' title='bbox 1116 4038 1152 4101; x_wconf 92' lang='lat' dir='ltr'><strong>ld</strong></span> <span class='ocrx_word' id='word_1_444' title='bbox 1175 4035 1257 4101; x_wconf 92' lang='lat' dir='ltr'><strong>nihil</strong></span> <span class='ocrx_word' id='word_1_445' title='bbox 1278 4038 1379 4103; x_wconf 91' lang='lat' dir='ltr'><strong>habet</strong></span> <span class='ocrx_word' id='word_1_446' title='bbox 1401 4038 1448 4102; x_wconf 93' lang='lat' dir='ltr'><strong>in-</strong></span> 
     </span>
     <span class='ocr_line' id='line_1_40' title="bbox 463 4124 2206 4209; baseline 0 -18"><span class='ocrx_word' id='word_1_447' title='bbox 463 4126 643 4192; x_wconf 81' lang='lat' dir='ltr'><strong>commodi.</strong></span> <span class='ocrx_word' id='word_1_448' title='bbox 689 4124 883 4209; x_wconf 86' lang='lat' dir='ltr'><strong>Accipimus</strong></span> <span class='ocrx_word' id='word_1_449' title='bbox 906 4126 1010 4204; x_wconf 88' lang='lat' dir='ltr'><strong>enim,</strong></span> <span class='ocrx_word' id='word_1_450' title='bbox 1036 4136 1073 4189; x_wconf 92' lang='lat' dir='ltr'><strong>ut</strong></span> <span class='ocrx_word' id='word_1_451' title='bbox 1094 4126 1330 4190; x_wconf 88' lang='lat' dir='ltr'><strong>admoneamur</strong></span> <span class='ocrx_word' id='word_1_452' title='bbox 1351 4126 1448 4189; x_wconf 89' lang='lat' dir='ltr'><strong>bene·</strong></span> <span class='ocrx_word' id='word_1_453' title='bbox 1772 4126 1890 4194; x_wconf 89' lang='lat' dir='ltr'><strong>Verba</strong></span> <span class='ocrx_word' id='word_1_454' title='bbox 1909 4130 1982 4194; x_wconf 87' lang='lat' dir='ltr'><strong>eius</strong></span> <span class='ocrx_word' id='word_1_455' title='bbox 2003 4126 2090 4194; x_wconf 88' lang='lat' dir='ltr'><strong>haec</strong></span> <span class='ocrx_word' id='word_1_456' title='bbox 2111 4136 2206 4193; x_wconf 83' lang='lat' dir='ltr'><strong>suut:</strong></span> 
     </span>
     <span class='ocr_line' id='line_1_41' title="bbox 461 4208 1449 4290; baseline -0.002 -15"><span class='ocrx_word' id='word_1_457' title='bbox 461 4209 528 4275; x_wconf 86' lang='lat' dir='ltr'><strong>ficii</strong></span> <span class='ocrx_word' id='word_1_458' title='bbox 551 4211 652 4276; x_wconf 88' lang='lat' dir='ltr'><strong>nobis</strong></span> <span class='ocrx_word' id='word_1_459' title='bbox 671 4211 784 4275; x_wconf 91' lang='lat' dir='ltr'><strong>donati</strong></span> <span class='ocrx_word' id='word_1_460' title='bbox 814 4232 834 4275; x_wconf 93' lang='lat' dir='ltr'><strong>a</strong></span> <span class='ocrx_word' id='word_1_461' title='bbox 857 4208 1010 4290; x_wconf 88' lang='lat' dir='ltr'><strong>Christo,</strong></span> <span class='ocrx_word' id='word_1_462' title='bbox 1043 4221 1076 4275; x_wconf 90' lang='lat' dir='ltr'><strong>et</strong></span> <span class='ocrx_word' id='word_1_463' title='bbox 1097 4210 1195 4274; x_wconf 88' lang='lat' dir='ltr'><strong>iidem</strong></span> <span class='ocrx_word' id='word_1_464' title='bbox 1213 4211 1449 4288; x_wconf 83' lang='lat' dir='ltr'><strong>exuscitemus,</strong></span> 
     </span>
     <span class='ocr_line' id='line_1_42' title="bbox 463 4294 2493 4386; baseline 0.001 -26"><span class='ocrx_word' id='word_1_465' title='bbox 463 4297 584 4362; x_wconf 86' lang='lat' dir='ltr'><strong>deinde</strong></span> <span class='ocrx_word' id='word_1_466' title='bbox 607 4318 750 4383; x_wconf 86' lang='lat' dir='ltr'><strong>agamus</strong></span> <span class='ocrx_word' id='word_1_467' title='bbox 780 4297 905 4382; x_wconf 89' lang='lat' dir='ltr'><strong>gratias</strong></span> <span class='ocrx_word' id='word_1_468' title='bbox 928 4317 989 4382; x_wconf 91' lang='lat' dir='ltr'><strong>pro</strong></span> <span class='ocrx_word' id='word_1_469' title='bbox 1012 4317 1053 4361; x_wconf 92' lang='lat' dir='ltr'><strong>eo</strong></span> <span class='ocrx_word' id='word_1_470' title='bbox 1076 4294 1258 4375; x_wconf 88' lang='lat' dir='ltr'><strong>beneficio,</strong></span> <span class='ocrx_word' id='word_1_471' title='bbox 1287 4316 1351 4361; x_wconf 89' lang='lat' dir='ltr'><strong>nec</strong></span> <span class='ocrx_word' id='word_1_472' title='bbox 1372 4297 1448 4360; x_wconf 89' lang='lat' dir='ltr'><strong>inde</strong></span> <span class='ocrx_word' id='word_1_473' title='bbox 1588 4295 1678 4363; x_wconf 83' lang='lat' dir='ltr'><strong>Dicit</strong></span> <span class='ocrx_word' id='word_1_474' title='bbox 1700 4309 1811 4365; x_wconf 89' lang='lat' dir='ltr'><strong>autem</strong></span> <span class='ocrx_word' id='word_1_475' title='bbox 1833 4297 2039 4386; x_wconf 85' lang='lat' dir='ltr'><strong>Apostolus:</strong></span> <span class='ocrx_word' id='word_1_476' title='bbox 2073 4298 2138 4373; x_wconf 86' lang='lat' dir='ltr'><strong>Qui</strong></span> <span class='ocrx_word' id='word_1_477' title='bbox 2160 4296 2339 4385; x_wconf 88' lang='lat' dir='ltr'><strong>gloriatur,</strong></span> <span class='ocrx_word' id='word_1_478' title='bbox 2360 4297 2395 4361; x_wconf 91' lang='lat' dir='ltr'><strong>iu</strong></span> <span class='ocrx_word' id='word_1_479' title='bbox 2419 4295 2493 4363; x_wconf 92' lang='lat' dir='ltr'><strong>Do-</strong></span> 
     </span>
     <span class='ocr_line' id='line_1_43' title="bbox 462 4379 2491 4473; baseline 0.001 -26"><span class='ocrx_word' id='word_1_480' title='bbox 462 4384 629 4467; x_wconf 88' lang='lat' dir='ltr'><strong>sequitur,</strong></span> <span class='ocrx_word' id='word_1_481' title='bbox 651 4385 684 4448; x_wconf 94' lang='lat' dir='ltr'><strong>id</strong></span> <span class='ocrx_word' id='word_1_482' title='bbox 708 4403 793 4468; x_wconf 88' lang='lat' dir='ltr'><strong>opus</strong></span> <span class='ocrx_word' id='word_1_483' title='bbox 815 4404 878 4468; x_wconf 93' lang='lat' dir='ltr'><strong>pro</strong></span> <span class='ocrx_word' id='word_1_484' title='bbox 895 4380 969 4448; x_wconf 87' lang='lat' dir='ltr'><strong>aliis</strong></span> <span class='ocrx_word' id='word_1_485' title='bbox 992 4379 1179 4448; x_wconf 82' lang='lat' dir='ltr'><strong>laciendum</strong></span> <span class='ocrx_word' id='word_1_486' title='bbox 1192 4401 1281 4461; x_wconf 89' lang='lat' dir='ltr'><strong>esse,</strong></span> <span class='ocrx_word' id='word_1_487' title='bbox 1303 4380 1376 4447; x_wconf 89' lang='lat' dir='ltr'><strong>aliis</strong></span> <span class='ocrx_word' id='word_1_488' title='bbox 1392 4403 1449 4466; x_wconf 79' lang='lat' dir='ltr'><strong>ap</strong></span> <span class='ocrx_word' id='word_1_489' title='bbox 1500 4382 1590 4448; x_wconf 90' lang='lat' dir='ltr'><strong>mino</strong></span> <span class='ocrx_word' id='word_1_490' title='bbox 1612 4381 1786 4469; x_wconf 83' lang='lat' dir='ltr'><strong>glorietur,</strong></span> <span class='ocrx_word' id='word_1_491' title='bbox 1808 4386 1937 4467; x_wconf 89' lang='lat' dir='ltr'><strong>dicens,</strong></span> <span class='ocrx_word' id='word_1_492' title='bbox 1960 4387 2050 4473; x_wconf 91' lang='lat' dir='ltr'><strong>quod</strong></span> <span class='ocrx_word' id='word_1_493' title='bbox 2073 4384 2229 4451; x_wconf 89' lang='lat' dir='ltr'><strong>Christus</strong></span> <span class='ocrx_word' id='word_1_494' title='bbox 2252 4385 2350 4447; x_wconf 85' lang='lat' dir='ltr'><strong>nobis</strong></span> <span class='ocrx_word' id='word_1_495' title='bbox 2373 4381 2491 4450; x_wconf 82' lang='lat' dir='ltr'><strong>factus</strong></span> 
     </span>
     <span class='ocr_line' id='line_1_44' title="bbox 461 4465 2491 4555; baseline 0.001 -23"><span class='ocrx_word' id='word_1_496' title='bbox 461 4465 656 4554; x_wconf 87' lang='lat' dir='ltr'><strong>plicandum</strong></span> <span class='ocrx_word' id='word_1_497' title='bbox 680 4490 759 4534; x_wconf 82' lang='lat' dir='ltr'><strong>esse</strong></span> <span class='ocrx_word' id='word_1_498' title='bbox 782 4479 850 4534; x_wconf 82' lang='lat' dir='ltr'><strong>etc·</strong></span> <span class='ocrx_word' id='word_1_499' title='bbox 892 4468 986 4533; x_wconf 87' lang='lat' dir='ltr'><strong>llaec</strong></span> <span class='ocrx_word' id='word_1_500' title='bbox 1007 4481 1157 4533; x_wconf 87' lang='lat' dir='ltr'><strong>monstra</strong></span> <span class='ocrx_word' id='word_1_501' title='bbox 1178 4469 1371 4555; x_wconf 90' lang='lat' dir='ltr'><strong>nequidem</strong></span> <span class='ocrx_word' id='word_1_502' title='bbox 1394 4488 1449 4532; x_wconf 92' lang='lat' dir='ltr'><strong>co·</strong></span> <span class='ocrx_word' id='word_1_503' title='bbox 1487 4472 1545 4554; x_wconf 57' lang='lat' dir='ltr'><strong>‚sit</strong></span> <span class='ocrx_word' id='word_1_504' title='bbox 1583 4470 1747 4555; x_wconf 87' lang='lat' dir='ltr'><strong>sapientia</strong></span> <span class='ocrx_word' id='word_1_505' title='bbox 1789 4492 1810 4536; x_wconf 95' lang='lat' dir='ltr'><strong>a</strong></span> <span class='ocrx_word' id='word_1_506' title='bbox 1842 4469 1937 4553; x_wconf 90' lang='lat' dir='ltr'><strong>Deo,</strong></span> <span class='ocrx_word' id='word_1_507' title='bbox 1959 4473 2111 4551; x_wconf 82' lang='lat' dir='ltr'><strong>iustitia,</strong></span> <span class='ocrx_word' id='word_1_508' title='bbox 2154 4469 2402 4548; x_wconf 88' lang='lat' dir='ltr'><strong>sanctificatio,</strong></span> <span class='ocrx_word' id='word_1_509' title='bbox 2456 4481 2491 4535; x_wconf 88' lang='lat' dir='ltr'><strong>et</strong></span> 
     </span>
     <span class='ocr_line' id='line_1_45' title="bbox 422 4551 2491 4644; baseline 0.001 -27"><span class='ocrx_word' id='word_1_510' title='bbox 422 4581 425 4588; x_wconf 58' lang='grc'><strong>’</strong></span> <span class='ocrx_word' id='word_1_511' title='bbox 486 4556 610 4620; x_wconf 90' lang='lat' dir='ltr'><strong>itarunt</strong></span> <span class='ocrx_word' id='word_1_512' title='bbox 635 4554 764 4619; x_wconf 88' lang='lat' dir='ltr'><strong>Patres.</strong></span> <span class='ocrx_word' id='word_1_513' title='bbox 810 4554 902 4641; x_wconf 80' lang='lat' dir='ltr'><strong>Ergo</strong></span> <span class='ocrx_word' id='word_1_514' title='bbox 935 4577 1021 4625; x_wconf 80' lang='lat' dir='ltr'><strong>eum,</strong></span> <span class='ocrx_word' id='word_1_515' title='bbox 1038 4551 1180 4641; x_wconf 82' lang='lat' dir='ltr'><strong>legimus</strong></span> <span class='ocrx_word' id='word_1_516' title='bbox 1205 4575 1325 4621; x_wconf 88' lang='lat' dir='ltr'><strong>nomen</strong></span> <span class='ocrx_word' id='word_1_517' title='bbox 1347 4554 1448 4620; x_wconf 89' lang='lat' dir='ltr'><strong>sacri·</strong></span> <span class='ocrx_word' id='word_1_518' title='bbox 1499 4554 1742 4640; x_wconf 87' lang='lat' dir='ltr'><strong>redemptio,ut</strong></span> <span class='ocrx_word' id='word_1_519' title='bbox 1763 4558 1851 4624; x_wconf 88' lang='lat' dir='ltr'><strong>sicut</strong></span> <span class='ocrx_word' id='word_1_520' title='bbox 1871 4561 2111 4644; x_wconf 78' lang='lat' dir='ltr'><strong>scriptumest</strong></span> <span class='ocrx_word' id='word_1_521' title='bbox 2133 4554 2338 4644; x_wconf 82' lang='lat' dir='ltr'><strong>gloriatums</strong></span> <span class='ocrx_word' id='word_1_522' title='bbox 2360 4560 2395 4624; x_wconf 91' lang='lat' dir='ltr'><strong>iu</strong></span> <span class='ocrx_word' id='word_1_523' title='bbox 2417 4553 2491 4620; x_wconf 91' lang='lat' dir='ltr'><strong>Do·</strong></span> 
     </span>
     <span class='ocr_line' id='line_1_46' title="bbox 461 4575 2490 4748; baseline 0.001 -43"><span class='ocrx_word' id='word_1_524' title='bbox 461 4575 529 4705; x_wconf 78' lang='lat' dir='ltr'><strong>leit</strong></span> <span class='ocrx_word' id='word_1_525' title='bbox 552 4652 585 4706; x_wconf 91' lang='lat' dir='ltr'><strong>et</strong></span> <span class='ocrx_word' id='word_1_526' title='bbox 608 4639 803 4721; x_wconf 85' lang='lat' dir='ltr'><strong>oblationis,</strong></span> <span class='ocrx_word' id='word_1_527' title='bbox 825 4639 1046 4729; x_wconf 87' lang='lat' dir='ltr'><strong>intelligamus</strong></span> <span class='ocrx_word' id='word_1_528' title='bbox 1068 4651 1126 4706; x_wconf 89' lang='lat' dir='ltr'><strong>aut</strong></span> <span class='ocrx_word' id='word_1_529' title='bbox 1147 4642 1279 4727; x_wconf 86' lang='lat' dir='ltr'><strong>signum</strong></span> <span class='ocrx_word' id='word_1_530' title='bbox 1296 4640 1450 4707; x_wconf 85' lang='lat' dir='ltr'><strong>sacrificii</strong></span> <span class='ocrx_word' id='word_1_531' title='bbox 1499 4642 1588 4708; x_wconf 92' lang='lat' dir='ltr'><strong>mino</strong></span> <span class='ocrx_word' id='word_1_532' title='bbox 1609 4640 1783 4729; x_wconf 85' lang='lat' dir='ltr'><strong>glorietur.</strong></span> <span class='ocrx_word' id='word_1_533' title='bbox 1826 4643 1920 4711; x_wconf 87' lang='lat' dir='ltr'><strong>llaec</strong></span> <span class='ocrx_word' id='word_1_534' title='bbox 1941 4655 1995 4709; x_wconf 90' lang='lat' dir='ltr'><strong>est</strong></span> <span class='ocrx_word' id='word_1_535' title='bbox 2017 4645 2103 4709; x_wconf 91' lang='lat' dir='ltr'><strong>enim</strong></span> <span class='ocrx_word' id='word_1_536' title='bbox 2124 4640 2276 4748; x_wconf 81' lang='lat' dir='ltr'><strong>perfecta</strong></span> <span class='ocrx_word' id='word_1_537' title='bbox 2298 4651 2332 4706; x_wconf 89' lang='lat' dir='ltr'><strong>et</strong></span> <span class='ocrx_word' id='word_1_538' title='bbox 2353 4642 2490 4729; x_wconf 82' lang='lat' dir='ltr'><strong>integra</strong></span> 
     </span>
     <span class='ocr_line' id='line_1_47' title="bbox 462 4724 2490 4816; baseline 0 -23"><span class='ocrx_word' id='word_1_539' title='bbox 462 4738 498 4793; x_wconf 88' lang='lat' dir='ltr'><strong>et</strong></span> <span class='ocrx_word' id='word_1_540' title='bbox 519 4724 715 4807; x_wconf 87' lang='lat' dir='ltr'><strong>oblationis,</strong></span> <span class='ocrx_word' id='word_1_541' title='bbox 737 4739 795 4794; x_wconf 91' lang='lat' dir='ltr'><strong>aut</strong></span> <span class='ocrx_word' id='word_1_542' title='bbox 817 4730 999 4815; x_wconf 82' lang='lat' dir='ltr'><strong>gratiarum</strong></span> <span class='ocrx_word' id='word_1_543' title='bbox 1021 4729 1199 4808; x_wconf 84' lang='lat' dir='ltr'><strong>actionem,</strong></span> <span class='ocrx_word' id='word_1_544' title='bbox 1221 4747 1288 4794; x_wconf 90' lang='lat' dir='ltr'><strong>non</strong></span> <span class='ocrx_word' id='word_1_545' title='bbox 1311 4724 1450 4815; x_wconf 84' lang='lat' dir='ltr'><strong>affinga·</strong></span> <span class='ocrx_word' id='word_1_546' title='bbox 1501 4727 1655 4815; x_wconf 84' lang='lat' dir='ltr'><strong>gloriatio</strong></span> <span class='ocrx_word' id='word_1_547' title='bbox 1676 4730 1710 4794; x_wconf 89' lang='lat' dir='ltr'><strong>in</strong></span> <span class='ocrx_word' id='word_1_548' title='bbox 1731 4728 1827 4809; x_wconf 89' lang='lat' dir='ltr'><strong>Deo,</strong></span> <span class='ocrx_word' id='word_1_549' title='bbox 1860 4732 1993 4816; x_wconf 88' lang='lat' dir='ltr'><strong>quando</strong></span> <span class='ocrx_word' id='word_1_550' title='bbox 2015 4750 2058 4796; x_wconf 89' lang='lat' dir='ltr'><strong>ne</strong></span> <span class='ocrx_word' id='word_1_551' title='bbox 2081 4732 2212 4815; x_wconf 79' lang='lat' dir='ltr'><strong>quidem</strong></span> <span class='ocrx_word' id='word_1_552' title='bbox 2234 4740 2374 4814; x_wconf 91' lang='lat' dir='ltr'><strong>propter</strong></span> <span class='ocrx_word' id='word_1_553' title='bbox 2394 4729 2490 4794; x_wconf 89' lang='lat' dir='ltr'><strong>iusti·</strong></span> 
     </span>
     <span class='ocr_line' id='line_1_48' title="bbox 463 4812 2542 4902; baseline 0.001 -22"><span class='ocrx_word' id='word_1_554' title='bbox 463 4834 539 4881; x_wconf 85' lang='lat' dir='ltr'><strong>mus</strong></span> <span class='ocrx_word' id='word_1_555' title='bbox 558 4812 817 4899; x_wconf 89' lang='lat' dir='ltr'><strong>applicationem</strong></span> <span class='ocrx_word' id='word_1_556' title='bbox 839 4836 901 4900; x_wconf 89' lang='lat' dir='ltr'><strong>pro</strong></span> <span class='ocrx_word' id='word_1_557' title='bbox 925 4812 1011 4880; x_wconf 89' lang='lat' dir='ltr'><strong>aliis.</strong></span> <span class='ocrx_word' id='word_1_558' title='bbox 1499 4815 1577 4879; x_wconf 89' lang='lat' dir='ltr'><strong>tiam</strong></span> <span class='ocrx_word' id='word_1_559' title='bbox 1599 4833 1695 4880; x_wconf 91' lang='lat' dir='ltr'><strong>suam</strong></span> <span class='ocrx_word' id='word_1_560' title='bbox 1718 4812 1838 4901; x_wconf 88' lang='lat' dir='ltr'><strong>aliquis</strong></span> <span class='ocrx_word' id='word_1_561' title='bbox 1860 4816 2006 4897; x_wconf 85' lang='lat' dir='ltr'><strong>effertur,</strong></span> <span class='ocrx_word' id='word_1_562' title='bbox 2029 4817 2090 4882; x_wconf 87' lang='lat' dir='ltr'><strong>sed</strong></span> <span class='ocrx_word' id='word_1_563' title='bbox 2113 4816 2268 4902; x_wconf 87' lang='lat' dir='ltr'><strong>agnoscit</strong></span> <span class='ocrx_word' id='word_1_564' title='bbox 2282 4815 2347 4882; x_wconf 82' lang='lat' dir='ltr'><strong>sibi</strong></span> <span class='ocrx_word' id='word_1_565' title='bbox 2366 4815 2490 4881; x_wconf 84' lang='lat' dir='ltr'><strong>deesse</strong></span> <span class='ocrx_word' id='word_1_566' title='bbox 2539 4820 2542 4824; x_wconf 82' lang='grc'><strong>’</strong></span> 
     </span>
     <span class='ocr_line' id='line_1_49' title="bbox 1501 4899 2489 4982; baseline 0.001 -17"><span class='ocrx_word' id='word_1_567' title='bbox 1501 4920 1614 4965; x_wconf 84' lang='lat' dir='ltr'><strong>veram</strong></span> <span class='ocrx_word' id='word_1_568' title='bbox 1634 4901 1805 4982; x_wconf 90' lang='lat' dir='ltr'><strong>iustitiam,</strong></span> <span class='ocrx_word' id='word_1_569' title='bbox 1829 4901 1896 4968; x_wconf 87' lang='lat' dir='ltr'><strong>fide</strong></span> <span class='ocrx_word' id='word_1_570' title='bbox 1918 4915 2029 4969; x_wconf 90' lang='lat' dir='ltr'><strong>autem</strong></span> <span class='ocrx_word' id='word_1_571' title='bbox 2051 4899 2127 4967; x_wconf 92' lang='lat' dir='ltr'><strong>sola</strong></span> <span class='ocrx_word' id='word_1_572' title='bbox 2147 4905 2181 4967; x_wconf 93' lang='lat' dir='ltr'><strong>in</strong></span> <span class='ocrx_word' id='word_1_573' title='bbox 2202 4899 2373 4966; x_wconf 87' lang='lat' dir='ltr'><strong>Christum</strong></span> <span class='ocrx_word' id='word_1_574' title='bbox 2394 4900 2489 4970; x_wconf 85' lang='lat' dir='ltr'><strong>iusti-</strong></span> 
     </span>
     <span class='ocr_line' id='line_1_50' title="bbox 549 4983 2489 5074; baseline 0.002 -25"><span class='ocrx_word' id='word_1_575' title='bbox 549 4984 720 5052; x_wconf 83' lang='lat' dir='ltr'><strong>Interdum</strong></span> <span class='ocrx_word' id='word_1_576' title='bbox 742 5007 809 5051; x_wconf 92' lang='lat' dir='ltr'><strong>uno</strong></span> <span class='ocrx_word' id='word_1_577' title='bbox 830 4989 964 5053; x_wconf 92' lang='lat' dir='ltr'><strong>nomine</strong></span> <span class='ocrx_word' id='word_1_578' title='bbox 980 4983 1330 5064; x_wconf 88' lang='lat' dir='ltr'><strong>vocantohlationem,</strong></span> <span class='ocrx_word' id='word_1_579' title='bbox 1347 4995 1450 5050; x_wconf 91' lang='lat' dir='ltr'><strong>totum</strong></span> <span class='ocrx_word' id='word_1_580' title='bbox 1500 4985 1606 5067; x_wconf 86' lang='lat' dir='ltr'><strong>ficari,</strong></span> <span class='ocrx_word' id='word_1_581' title='bbox 1628 4999 1661 5053; x_wconf 91' lang='lat' dir='ltr'><strong>et</strong></span> <span class='ocrx_word' id='word_1_582' title='bbox 1684 4985 1847 5074; x_wconf 86' lang='lat' dir='ltr'><strong>gloriatur</strong></span> <span class='ocrx_word' id='word_1_583' title='bbox 1867 4987 1994 5056; x_wconf 90' lang='lat' dir='ltr'><strong>Paulus</strong></span> <span class='ocrx_word' id='word_1_584' title='bbox 2015 5009 2056 5054; x_wconf 88' lang='lat' dir='ltr'><strong>se</strong></span> <span class='ocrx_word' id='word_1_585' title='bbox 2077 4989 2138 5053; x_wconf 90' lang='lat' dir='ltr'><strong>des</strong></span> <span class='ocrx_word' id='word_1_586' title='bbox 2163 4989 2252 5052; x_wconf 89' lang='lat' dir='ltr'><strong>icere</strong></span> <span class='ocrx_word' id='word_1_587' title='bbox 2272 5007 2369 5052; x_wconf 89' lang='lat' dir='ltr'><strong>suam</strong></span> <span class='ocrx_word' id='word_1_588' title='bbox 2392 4988 2489 5053; x_wconf 87' lang='lat' dir='ltr'><strong>iusti·</strong></span> 
     </span>
     <span class='ocr_line' id='line_1_51' title="bbox 460 5011 2487 5162; baseline 0 -23"><span class='ocrx_word' id='word_1_589' title='bbox 460 5071 544 5140; x_wconf 91' lang='lat' dir='ltr'><strong>illud</strong></span> <span class='ocrx_word' id='word_1_590' title='bbox 568 5073 754 5160; x_wconf 84' lang='lat' dir='ltr'><strong>negotium,</strong></span> <span class='ocrx_word' id='word_1_591' title='bbox 776 5076 866 5158; x_wconf 92' lang='lat' dir='ltr'><strong>quod</strong></span> <span class='ocrx_word' id='word_1_592' title='bbox 887 5075 1077 5161; x_wconf 81' lang='lat' dir='ltr'><strong>ibiegetur,</strong></span> <span class='ocrx_word' id='word_1_593' title='bbox 1097 5069 1264 5152; x_wconf 87' lang='lat' dir='ltr'><strong>videlicet,</strong></span> <span class='ocrx_word' id='word_1_594' title='bbox 1282 5072 1450 5137; x_wconf 87' lang='lat' dir='ltr'><strong>orationes</strong></span> <span class='ocrx_word' id='word_1_595' title='bbox 1501 5073 1598 5153; x_wconf 91' lang='lat' dir='ltr'><strong>tiam,</strong></span> <span class='ocrx_word' id='word_1_596' title='bbox 1632 5094 1797 5160; x_wconf 89' lang='lat' dir='ltr'><strong>quaerere</strong></span> <span class='ocrx_word' id='word_1_597' title='bbox 1819 5088 1931 5143; x_wconf 87' lang='lat' dir='ltr'><strong>autem</strong></span> <span class='ocrx_word' id='word_1_598' title='bbox 1951 5074 2018 5142; x_wconf 89' lang='lat' dir='ltr'><strong>fide</strong></span> <span class='ocrx_word' id='word_1_599' title='bbox 2039 5094 2100 5162; x_wconf 89' lang='lat' dir='ltr'><strong>per</strong></span> <span class='ocrx_word' id='word_1_600' title='bbox 2122 5011 2291 5149; x_wconf 67' lang='lat' dir='ltr'><strong>elbdstum</strong></span> <span class='ocrx_word' id='word_1_601' title='bbox 2312 5074 2487 5153; x_wconf 86' lang='lat' dir='ltr'><strong>iustitiam,</strong></span> 
     </span>
     <span class='ocr_line' id='line_1_52' title="bbox 460 5155 1833 5245; baseline 0.001 -19"><span class='ocrx_word' id='word_1_602' title='bbox 460 5169 496 5227; x_wconf 86' lang='lat' dir='ltr'><strong>at</strong></span> <span class='ocrx_word' id='word_1_603' title='bbox 520 5180 659 5225; x_wconf 86' lang='lat' dir='ltr'><strong>coenam</strong></span> <span class='ocrx_word' id='word_1_604' title='bbox 684 5155 831 5238; x_wconf 90' lang='lat' dir='ltr'><strong>Domini,</strong></span> <span class='ocrx_word' id='word_1_605' title='bbox 874 5159 949 5225; x_wconf 86' lang='lat' dir='ltr'><strong>Hoc</strong></span> <span class='ocrx_word' id='word_1_606' title='bbox 970 5181 1046 5226; x_wconf 88' lang='lat' dir='ltr'><strong>eum</strong></span> <span class='ocrx_word' id='word_1_607' title='bbox 1066 5158 1116 5238; x_wconf 85' lang='lat' dir='ltr'><strong>fit,</strong></span> <span class='ocrx_word' id='word_1_608' title='bbox 1139 5160 1310 5225; x_wconf 89' lang='lat' dir='ltr'><strong>orationes</strong></span> <span class='ocrx_word' id='word_1_609' title='bbox 1331 5156 1451 5224; x_wconf 90' lang='lat' dir='ltr'><strong>intelli·</strong></span> <span class='ocrx_word' id='word_1_610' title='bbox 1501 5179 1589 5245; x_wconf 89' lang='lat' dir='ltr'><strong>quae</strong></span> <span class='ocrx_word' id='word_1_611' title='bbox 1606 5179 1648 5226; x_wconf 82' lang='lat' dir='ltr'><strong>ex</strong></span> <span class='ocrx_word' id='word_1_612' title='bbox 1669 5158 1744 5226; x_wconf 90' lang='lat' dir='ltr'><strong>Deo</strong></span> <span class='ocrx_word' id='word_1_613' title='bbox 1768 5171 1833 5229; x_wconf 82' lang='lat' dir='ltr'><strong>est</strong></span> 
     </span>
     <span class='ocr_line' id='line_1_53' title="bbox 462 5243 1771 5334; baseline -0.002 -24"><span class='ocrx_word' id='word_1_614' title='bbox 462 5258 585 5334; x_wconf 86' lang='lat' dir='ltr'><strong>gantur</strong></span> <span class='ocrx_word' id='word_1_615' title='bbox 606 5266 686 5312; x_wconf 87' lang='lat' dir='ltr'><strong>esse</strong></span> <span class='ocrx_word' id='word_1_616' title='bbox 711 5243 911 5312; x_wconf 84' lang='lat' dir='ltr'><strong>oblationes.</strong></span> <span class='ocrx_word' id='word_1_617' title='bbox 1767 5263 1771 5274; x_wconf 55' lang='lat'>⁸</span> 
     </span>
     <span class='ocr_line' id='line_1_54' title="bbox 485 5328 2490 5411; baseline 0.001 -15"><span class='ocrx_word' id='word_1_618' title='bbox 485 5339 487 5343; x_wconf 86' lang='grc'><strong>’</strong></span> <span class='ocrx_word' id='word_1_619' title='bbox 1588 5329 1682 5397; x_wconf 84' lang='lat' dir='ltr'><strong>llaec</strong></span> <span class='ocrx_word' id='word_1_620' title='bbox 1701 5333 1806 5399; x_wconf 84' lang='lat' dir='ltr'><strong>verba</strong></span> <span class='ocrx_word' id='word_1_621' title='bbox 1840 5333 1925 5398; x_wconf 86' lang='lat' dir='ltr'><strong>satis</strong></span> <span class='ocrx_word' id='word_1_622' title='bbox 1947 5333 2145 5411; x_wconf 89' lang='lat' dir='ltr'><strong>ostendunt,</strong></span> <span class='ocrx_word' id='word_1_623' title='bbox 2174 5328 2336 5397; x_wconf 90' lang='lat' dir='ltr'><strong>Basilium</strong></span> <span class='ocrx_word' id='word_1_624' title='bbox 2358 5332 2412 5397; x_wconf 88' lang='lat' dir='ltr'><strong>sic</strong></span> <span class='ocrx_word' id='word_1_625' title='bbox 2436 5332 2490 5399; x_wconf 87' lang='lat' dir='ltr'><strong>iu·</strong></span> 
     </span>
     <span class='ocr_line' id='line_1_55' title="bbox 549 5413 2491 5505; baseline 0.001 -22"><span class='ocrx_word' id='word_1_626' title='bbox 549 5417 727 5505; x_wconf 88' lang='lat' dir='ltr'><strong>Leguntur</strong></span> <span class='ocrx_word' id='word_1_627' title='bbox 756 5418 857 5484; x_wconf 87' lang='lat' dir='ltr'><strong>etiam</strong></span> <span class='ocrx_word' id='word_1_628' title='bbox 885 5417 976 5503; x_wconf 88' lang='lat' dir='ltr'><strong>apud</strong></span> <span class='ocrx_word' id='word_1_629' title='bbox 1008 5415 1209 5503; x_wconf 85' lang='lat' dir='ltr'><strong>Cyprianum</strong></span> <span class='ocrx_word' id='word_1_630' title='bbox 1238 5418 1281 5482; x_wconf 88' lang='lat' dir='ltr'><strong>de</strong></span> <span class='ocrx_word' id='word_1_631' title='bbox 1312 5420 1453 5483; x_wconf 78' lang='lat' dir='ltr'><strong>mortuis</strong></span> <span class='ocrx_word' id='word_1_632' title='bbox 1503 5413 1673 5484; x_wconf 84' lang='lat' dir='ltr'><strong>tellexisse</strong></span> <span class='ocrx_word' id='word_1_633' title='bbox 1694 5420 1851 5485; x_wconf 87' lang='lat' dir='ltr'><strong>iustitiam</strong></span> <span class='ocrx_word' id='word_1_634' title='bbox 1872 5418 1968 5498; x_wconf 86' lang='lat' dir='ltr'><strong>fidei,</strong></span> <span class='ocrx_word' id='word_1_635' title='bbox 2002 5418 2093 5504; x_wconf 91' lang='lat' dir='ltr'><strong>quod</strong></span> <span class='ocrx_word' id='word_1_636' title='bbox 2114 5419 2331 5484; x_wconf 81' lang='lat' dir='ltr'><strong>sentiendum.</strong></span> <span class='ocrx_word' id='word_1_637' title='bbox 2350 5421 2395 5483; x_wconf 90' lang='lat' dir='ltr'><strong>sit</strong></span> <span class='ocrx_word' id='word_1_638' title='bbox 2424 5438 2491 5486; x_wconf 85' lang='lat' dir='ltr'><strong>uos</strong></span> 
     </span>
     <span class='ocr_line' id='line_1_56' title="bbox 485 5502 2490 5593; baseline 0 -22"><span class='ocrx_word' id='word_1_639' title='bbox 485 5505 629 5571; x_wconf 88' lang='lat' dir='ltr'><strong>uaedam</strong></span> <span class='ocrx_word' id='word_1_640' title='bbox 653 5506 772 5585; x_wconf 87' lang='lat' dir='ltr'><strong>verba,</strong></span> <span class='ocrx_word' id='word_1_641' title='bbox 794 5525 882 5592; x_wconf 87' lang='lat' dir='ltr'><strong>quaa</strong></span> <span class='ocrx_word' id='word_1_642' title='bbox 902 5504 1111 5570; x_wconf 89' lang='lat' dir='ltr'><strong>recentiores</strong></span> <span class='ocrx_word' id='word_1_643' title='bbox 1132 5502 1220 5582; x_wconf 85' lang='lat' dir='ltr'><strong>mele</strong></span> <span class='ocrx_word' id='word_1_644' title='bbox 1241 5505 1453 5589; x_wconf 88' lang='lat' dir='ltr'><strong>detorquent,</strong></span> <span class='ocrx_word' id='word_1_645' title='bbox 1501 5515 1639 5593; x_wconf 88' lang='lat' dir='ltr'><strong>propter</strong></span> <span class='ocrx_word' id='word_1_646' title='bbox 1660 5502 1830 5572; x_wconf 79' lang='lat' dir='ltr'><strong>Christum</strong></span> <span class='ocrx_word' id='word_1_647' title='bbox 1849 5525 1911 5592; x_wconf 90' lang='lat' dir='ltr'><strong>par</strong></span> <span class='ocrx_word' id='word_1_648' title='bbox 1930 5505 2193 5572; x_wconf 86' lang='lat' dir='ltr'><strong>misericordiam</strong></span> <span class='ocrx_word' id='word_1_649' title='bbox 2214 5505 2340 5584; x_wconf 89' lang='lat' dir='ltr'><strong>iustos,</strong></span> <span class='ocrx_word' id='word_1_650' title='bbox 2362 5505 2398 5571; x_wconf 95' lang='lat' dir='ltr'><strong>id</strong></span> <span class='ocrx_word' id='word_1_651' title='bbox 2422 5515 2490 5586; x_wconf 79' lang='lat' dir='ltr'><strong>eat,</strong></span> 
     </span>
     <span class='ocr_line' id='line_1_57' title="bbox 460 5525 2375 5679; baseline -0.002 -19"><span class='ocrx_word' id='word_1_652' title='bbox 460 5525 639 5675; x_wconf 59' lang='lat' dir='ltr'><strong>gecrificla</strong></span> <span class='ocrx_word' id='word_1_653' title='bbox 657 5612 721 5679; x_wconf 89' lang='lat' dir='ltr'><strong>pro</strong></span> <span class='ocrx_word' id='word_1_654' title='bbox 743 5593 794 5660; x_wconf 80' lang='lat' dir='ltr'><strong>eia</strong></span> <span class='ocrx_word' id='word_1_655' title='bbox 816 5590 1000 5673; x_wconf 82' lang='lat' dir='ltr'><strong>offerimus,</strong></span> <span class='ocrx_word' id='word_1_656' title='bbox 1022 5590 1084 5656; x_wconf 84' lang='lat' dir='ltr'><strong>sed</strong></span> <span class='ocrx_word' id='word_1_657' title='bbox 1104 5589 1190 5656; x_wconf 86' lang='lat' dir='ltr'><strong>haec</strong></span> <span class='ocrx_word' id='word_1_658' title='bbox 1211 5589 1291 5655; x_wconf 87' lang='lat' dir='ltr'><strong>dicit</strong></span> <span class='ocrx_word' id='word_1_659' title='bbox 1311 5588 1453 5656; x_wconf 82' lang='lat' dir='ltr'><strong>dehlar·</strong></span> <span class='ocrx_word' id='word_1_660' title='bbox 1502 5597 1663 5677; x_wconf 81' lang='lat' dir='ltr'><strong>acceptos</strong></span> <span class='ocrx_word' id='word_1_661' title='bbox 1685 5611 1776 5673; x_wconf 89' lang='lat' dir='ltr'><strong>esse,</strong></span> <span class='ocrx_word' id='word_1_662' title='bbox 1798 5610 1867 5658; x_wconf 92' lang='lat' dir='ltr'><strong>non</strong></span> <span class='ocrx_word' id='word_1_663' title='bbox 1888 5597 2034 5679; x_wconf 62' lang='lat' dir='ltr'><strong>propter,</strong></span> <span class='ocrx_word' id='word_1_664' title='bbox 2047 5593 2203 5677; x_wconf 87' lang='lat' dir='ltr'><strong>proprias</strong></span> <span class='ocrx_word' id='word_1_665' title='bbox 2223 5591 2375 5657; x_wconf 69' lang='lat' dir='ltr'><strong>virtues</strong></span> 
     </span>
    </p>
   </div>
   <div class='ocr_carea' id='block_1_7' title="bbox 0 0 2950 6708">
    <p class='ocr_par' dir='ltr' id='par_1_10' title="bbox 0 0 2950 6708">
     <span class='ocr_line' id='line_1_58' title="bbox 0 0 2950 6708; baseline 0 0"><span class='ocrx_word' id='word_1_666' title='bbox 0 0 2950 6708; x_wconf 95' lang='lat' dir='ltr'><strong> </strong></span> 
     </span>
    </p>
   </div>
  </div>
 </body>
</html>
