5892 6709
319 1897 324 1905 ·
434 1903 539 1970 supra
560 1882 710 1948 recitata.

433 659 499 730 ιιι
775 737 777 742 ,
1063 656 1180 726 retu
1199 640 1811 754 sumscarernnoonanca
2383 609 2452 722 aas

406 850 635 929 ‘Ecclesiam
668 849 757 935 quod
792 844 946 915 videlicet
970 858 1109 933 propter
1128 845 1217 912 hanc
1238 866 1417 933 personam
1896 841 2019 909 xxvi.

434 938 504 1003 reci
528 940 644 1015 iamnr,
678 945 712 999 ει
739 936 829 1020 quod
853 955 915 1018 per
936 955 1009 999 eam
1032 935 1217 999 immediate
1241 931 1418 1020 colligatur
1728 988 1736 1006 ,

519 1023 600 1101 esic,
634 1032 668 1087 et
697 1023 791 1172 quod
813 1022 900 1087 haec
919 1039 1067 1105 persona
1088 1021 1274 1086 immediate
1296 1020 1340 1085 sit
1361 1039 1417 1084 cu-
1540 989 1765 1101 Responsio
1797 985 1852 1070 ad
1882 988 2085 1099 (11111θᾶ8111
2116 1002 2367 1101 argumenta·

435 1120 508 1176 stos
530 1120 565 1174 et
587 1118 687 1193 caput
727 1106 882 1187 eclesiae,
906 1108 1140 1193 quodsemper
1161 1106 1191 1171 ei
1213 1107 1322 1185 adest,
1344 1126 1418 1171 eam

436 1206 549 1262 servm
569 1205 603 1260 et
625 1204 746 1280 gestat.
1554 1170 1737 1259 Postquam
1759 1181 1870 1236 autern
1897 1171 1998 1238 certis
2028 1183 2061 1238 et
2088 1169 2273 1237 illustribus
2302 1174 2453 1240 testimo.

1467 1259 1532 1323 niis
1554 1279 1637 1324 vera
1662 1258 1817 1323 doctriua
1848 1257 1891 1323 de
1913 1255 2047 1338 Christo
2081 1259 2276 1326 cordirmata
2298 1272 2367 1339 est,
2401 1274 2453 1326 te·

451 1397 455 1401 ·
521 1363 674 1432 Micheas
693 1363 727 1427 5.
762 1362 987 1452 Egressiones
1006 1351 1077 1430 eins
1099 1375 1177 1429 ante
1199 1365 1271 1430 dies
1293 1363 1416 1429 mundi,
1466 1345 1599 1410 uendae
1628 1354 1707 1409 sunt
1735 1344 1833 1448 ctiam
1860 1343 2059 1429 perspicuae
2079 1346 2319 1430 responsiones
2340 1347 2385 1411 ad
2408 1368 2454 1436 ea

385 1519 388 1526 .
434 1452 510 1520 Hoc
541 1452 763 1518 testimonium
792 1451 858 1516 etsi
891 1452 994 1515 breve
1027 1461 1090 1530 est,
1129 1461 1238 1515 tamen
1271 1446 1418 1516 affirmat
1468 1451 1554 1535 quae
1576 1440 1881 1535 ⁰⁰¹¹if⁸J⁰f¹l³²⁰m
1898 1442 2125 1516 ⁰PP⁰¹¹¹¹¹¹t¹²r²
2146 1433 2202 1500 Αθ
2217 1432 2356 1498 Μῗῑῐῑθ
2372 1453 2453 1519 ς1)οΓ

434 1537 593 1605 Messium
616 1536 722 1602 fuisse
740 1547 819 1601 aute
841 1538 1045 1602 creationem
1065 1537 1188 1602 mundi.
1231 1534 1293 1601 Est
1315 1536 1418 1624 igitur
1453 1517 1817 1584 '⁰¹⁰⁸120blwtwe8i2

435 1636 589 1691 ιειειιιιιε
611 1634 645 1688 ει
677 1619 784 1696 Deus.
830 1621 943 1697 Quare
976 1634 1009 1687 et
1040 1632 1164 1688 norunt
1196 1638 1271 1688 cum
1301 1634 1417 1707 patres
1753 1677 1762 1695 ,
1795 1677 1804 1695 ,
2091 1679 2100 1697 ,

434 1713 478 1780 ab
504 1711 612 1785 initio,
645 1720 679 1775 et
710 1709 835 1774 adosse
866 1729 941 1774 eum
962 1706 1139 1776 Ecclesiae
1167 1709 1349 1789 sciverant,
1384 1718 1418 1774 et
1527 1678 1686 1763 Nahum
1722 1676 1860 1762 divma
1895 1706 1980 1762 11011
2016 1690 2187 1791 patriar,
2231 1709 2315 1763 non
2356 1710 2452 1764 mo·

435 1818 511 1864 euru
527 1798 780 1875 invocaverunt,
803 1805 841 1862 ut
861 1805 1001 1881 apparet
1033 1796 1068 1861 in
1099 1794 1293 1880 precatione
1314 1793 1416 1860 iacob
1588 1799 1699 1902 fitur,

1531 1916 1716 2003 Christus
1747 1930 1810 2002 est
1839 1929 2034 2025 mortuus,
2137 1981 2145 1990 -

520 2051 708 2120 Psalmdi.
753 2050 796 2117 Et
818 2053 1034 2137 concupiscet
1054 2072 1114 2119 rex
1137 2055 1292 2119 decorem
1313 2062 1416 2132 mum,
1527 2039 1637 2152 Ergo
1668 2068 1751 2123 non
1782 2051 1845 2123 est
1874 2039 1998 2123 Deus·

435 2142 513 2230 quia
534 2142 608 2226 ipse
631 2149 683 2216 est
704 2136 799 2203 Deus
823 2149 911 2218 tuus,
936 2149 969 2204 et
990 2140 1148 2207 adorabis
1170 2159 1255 2204 eum.
1298 2137 1361 2204 llic
1383 2148 1417 2203 et
2013 2146 2018 2149 ’

435 2227 588 2296 adoratio
611 2226 853 2310 etproprietas
870 2226 1028 2311 competit
1038 2237 1178 2292 naturae
1190 2223 1416 2309 omnipotenti.
1554 2221 1742 2307 Responsio
1764 2222 1808 2286 ad
1831 2222 1990 2288 minorem
2012 2242 2093 2289 vera
2115 2235 2149 2288 et
2170 2226 2365 2291 necessaria
2385 2238 2452 2294 est.

433 2312 478 2381 Et
512 2312 621 2379 dulcis
651 2308 839 2379 consolatio
872 2323 942 2390 est,
976 2333 1049 2378 cum
1083 2310 1257 2378 Ecclesiae
1284 2331 1302 2375 s
1327 2311 1415 2375 ecies
1467 2305 1622 2373 Christus
1643 2321 1794 2373 mortuus
1817 2322 1870 2373 est
1891 2309 2074 2374 secundum
2095 2322 2246 2375 naturam
2258 2310 2452 2395 humanam,

433 2410 571 2487 propter
593 2398 827 2476 infirmitatem,
855 2417 1005 2478 crucem,
1029 2408 1063 2464 et
1083 2394 1244 2465 scandala
1265 2333 1416 2463 videatur
1467 2396 1554 2461 sicut
1575 2393 1695 2459 Petrus
1722 2394 1858 2480 inquit,
1877 2392 2046 2461 Christum
2067 2417 2202 2480 passum
2226 2418 2304 2463 esse
2333 2419 2451 2482 carne,

436 2484 594 2552 deformis
624 2504 716 2565 esse:
750 2493 861 2547 tamen
887 2481 1011 2550 Psalm.
1032 2486 1154 2570 inquit,
1187 2483 1285 2550 Hunc
1300 2502 1415 2569 regem
1467 2494 1501 2547 et
1522 2485 1678 2548 irenaeus
1699 2481 1753 2564 pie
1774 2492 1807 2546 et
1830 2482 1957 2546 erudite
1980 2484 2059 2547 dicit
2077 2504 2156 2569 pag.
2181 2484 2253 2550 185.
2277 2483 2452 2552 Christum

434 2570 594 2639 delectari
614 2568 861 2657 pulchritudine
882 2568 1065 2636 Ecclesiae.
1108 2569 1181 2636 Rex
1199 2570 1416 2655 concupiscet
1467 2568 1662 2634 crucifixum
1684 2581 1717 2632 et
1733 2578 1896 2633 mortuum
1918 2587 1997 2633 esse
2017 2572 2248 2655 requiescente
2270 2573 2389 2652 verbo,
2411 2583 2454 2638 ut

434 2659 588 2726 decorem
613 2669 713 2722 tuum.
745 2654 809 2720 Est
826 2657 911 2720 enirn
929 2654 1074 2742 pulchra
1096 2677 1209 2723 coram
1227 2657 1315 2741 ipso,
1337 2655 1414 2740 quia
1468 2652 1616 2740 crucifigi
1640 2665 1673 2718 et
1701 2653 1786 2718 mori
1806 2664 1933 2739 posset,
1955 2655 1991 2719 id
2013 2667 2084 2735 est,
2106 2668 2225 2721 natura
2248 2657 2358 2722 divina
2379 2679 2453 2724 non

432 2766 501 2811 non
523 2757 575 2809 est
597 2738 824 2820 idololatriae,
846 2744 907 2807 sed
930 2743 1048 2808 retinet
1060 2740 1291 2828 Evangelium,
1313 2761 1417 2829 agno·
1467 2741 1671 2825 estquidam
1694 2737 2453 2829 lacerataautmortua,sedquievit,cessit
2541 2731 2550 2748 ⁴

435 2832 501 2896 scit
532 2842 567 2894 et
586 2830 721 2894 invocat
745 2845 862 2891 verum
897 2827 1007 2894 Deum
1040 2831 1112 2893 sine
1141 2825 1351 2905 idololatria,
1382 2837 1418 2891 et
1467 2829 1538 2892 irae
1559 2827 1685 2891 aeterni
1707 2824 1816 2890 Patris
1840 2826 2004 2893 adversus
2030 2839 2203 2912 peccatum
2233 2830 2368 2914 generis
2388 2829 2453 2898 hu·

387 2957 390 2961 -
434 2918 605 2983 huicvero
618 2913 693 2979 Deo
710 2915 769 2978 dos
794 2924 913 2979 onsata
929 2928 982 2980 est
999 2914 1076 2993 fide,
1099 2928 1133 2981 et
1148 2927 1201 2980 est
1219 2911 1417 2986 domicilium
1467 2915 1574 2993 mani,
1603 2934 1671 2977 nou
1694 2922 1747 2977 est
1772 2932 1836 2978 usa
1859 2932 1921 2977 sua
1943 2915 2108 2995 potentie,
2125 2935 2193 2979 non
2216 2918 2346 2981 exeruit
2367 2937 2453 2984 suas

435 3016 468 3070 et
482 3016 549 3068 tem
574 2998 641 3066 lum
651 2998 727 3065 Dei.
761 2934 845 3064 gum
867 3001 968 3086 igitur
988 3001 1023 3066 iu
1046 3021 1087 3066 ee
1108 3003 1153 3067 sit
1172 2999 1242 3080 lux,
1264 2998 1418 3066 videlicet
1467 3002 1574 3077 vires,
1604 3012 1639 3063 et
1666 2996 1771 3065 voluit
1803 2996 1892 3064 hanc
1919 3001 2140 3067 obedientiam
2167 3012 2200 3065 ει
2221 2999 2454 3084 humilitatem,

434 3110 536 3156 verus
551 3024 651 3153 heus
663 3098 696 3151 ει
710 3085 837 3173 agnitio
858 3089 929 3152 veri
941 3086 1017 3167 Dei,
1040 3101 1093 3153 est
1113 3086 1269 3172 pulchra,
1291 3086 1418 3153 edumei
1467 3106 1533 3172 qua
1557 3085 1687 3171 quidem
1708 3085 1867 3150 maiorem
1889 3082 2104 3152 humilitatem
2127 3090 2280 3153 ostendit·
2293 3110 2376 3175 erga
2395 3112 2454 3155 ae·

433 3177 468 3242 in
488 3174 554 3241 hac
576 3170 707 3238 mortali
730 3182 848 3242 natura
868 3173 979 3239 adhuc
1001 3184 1079 3238 sunt
1106 3170 1166 3239 reli
1190 3175 1266 3239 uine
1286 3174 1418 3260 peccati
1467 3184 1597 3237 ternum
1627 3168 1778 3249 Patrem,
1811 3192 1911 3255 quam
1939 3169 2008 3237 ulla
2039 3170 2105 3239 alia
2135 3187 2317 3240 creatura..
2342 3175 2453 3241 liuius

436 3272 470 3328 et
488 3253 683 3345 multiplicia
704 3256 845 3323 vulnera
874 3271 907 3323 et
929 3257 1091 3326 scandala
1112 3196 1303 3327 Bedaium
1328 3257 1418 3325 lace·
1468 3254 1643 3324 solutionis
1672 3256 1728 3322 hic
1750 3253 1828 3322 fons
1850 3268 1919 3335 est,
1951 3280 2026 3324 cum
2049 3261 2080 3323 in
2105 3258 2239 3325 Christo
2263 3261 2329 3326 sint
2360 3263 2479 3336 duae,

434 3359 520 3414 rant.
565 3346 661 3412 lianc
690 3342 955 3411 consolationem
977 3344 1179 3412 defomritati
1200 3358 1337 3412 nostrae
1359 3366 1417 3430 op·
1467 3357 1625 3423 naturae,
1657 3344 1819 3428 quaedam
1846 3345 1981 3428 propria
2003 3346 2059 3410 uni
2092 3358 2231 3419 naturae
2259 3369 2327 3413 non
2349 3351 2455 3431 impe·

433 3451 616 3519 ponamus,
645 3442 679 3496 et
704 3428 867 3496 laetemur
891 3450 955 3497 nos
983 3452 1061 3498 esse
1086 3434 1120 3497 in
1148 3454 1230 3498 veru
1250 3430 1417 3511 Ecclesia,
1468 3431 1572 3509 diunt,
1596 3449 1661 3515 quo
1675 3430 1783 3495 minus
1797 3443 1830 3494 et
1848 3427 1954 3496 altera
1970 3443 2090 3497 natura
2108 3434 2207 3511 adsit,
2228 3445 2265 3499 ut
2281 3437 2455 3519 proprium

371 3541 377 3553 ·
435 3540 522 3605 quae
545 3537 659 3583 coram
679 3515 755 3581 Deo
777 3515 919 3601 pulchra
941 3529 1009 3598 est,
1039 3539 1107 3584 non
1129 3531 1185 3584 est
1205 3517 1418 3585 idololatrica
1467 3517 1698 3581 esthumunae
1715 3528 1866 3595 naturae,
1884 3517 2000 3597 edere,
2013 3519 2167 3598 dormire,
2186 3522 2323 3601 esurire,
2345 3522 2454 3588 sitire.

434 3601 492 3671 ut'
515 3604 649 3690 agmina
687 3599 1014 3682 lllahometistarum,
1060 3603 1283 3689 Papistarum·,
1326 3606 1418 3670 Ana·
1468 3602 1559 3668 llaec
1581 3623 1650 3667 non
1670 3602 1863 3683 impediunt,
1887 3605 2075 3687 quominus
2092 3606 2179 3671 adsit
2194 3607 2454 3689 disiunctum,

436 3692 668 3776 baptistarum,
692 3697 725 3751 et
745 3685 923 3752 multorum
945 3686 1176 3754 fanaticorum.
1468 3689 1545 3773 quia
1567 3699 1706 3752 naturae
1733 3689 1876 3752 retinent
1903 3708 1984 3753 suas
2012 3692 2250 3775 proprietates:
2278 3693 2334 3756 Sic
2362 3692 2455 3758 lace·

440 3780 444 3787 ·
1468 3775 1535 3838 rari
1554 3774 1712 3851 membra,
1734 3775 1814 3857 pati,
1837 3776 1932 3852 mori,
1955 3778 2089 3860 propria
2109 3789 2188 3842 sunt
2210 3776 2374 3843 humanae
2392 3800 2454 3844 na·

522 3858 647 3926 Psalm.
660 3857 713 3923 ⁷2.
743 3859 823 3925 dicit
842 3857 1003 3925 Messium
1026 3860 1260 3945 sempiternum
1283 3880 1363 3925 esse
1385 3872 1419 3925 et
1468 3871 1574 3937 turae,
1596 3880 1660 3923 nec
1681 3860 1871 3943 impediunt,
1896 3863 2081 3946 quominus
2095 3864 2452 3946 adsitdivinanaturu,

435 3968 569 4033 semper
590 3945 807 4012 adorandum.
850 3945 926 4011 Fuit
949 3964 1070 4011 nonren
1093 3949 1165 4011 eius
1186 3966 1319 4033 semper
1339 3958 1418 4012 ente
1468 3947 1553 4009 sicut
1576 3964 1737 4029 expresse
1760 3947 1884 4011 dictum
1907 3958 1971 4012 cst:
2006 3947 2080 4033 Ego
2108 3948 2218 4014 habeo
2249 3961 2454 4035 potestatem

435 4032 553 4113 solem,
579 4045 612 4098 et
635 4032 872 4097 benedicentur
893 4034 926 4097 in
949 4053 990 4096 eo
1013 4052 1129 4098 onrtres
1153 4045 1283 4120 gentes.
1327 4038 1417 4114 item,
1467 4051 1595 4118 ponere
1615 4032 1757 4096 animam
1780 4045 1812 4096 et
1834 4052 1951 4096 rursus
1974 4053 2048 4099 earn
2070 4054 2218 4100 sumere:
2240 4038 2325 4101 Nam
2348 4040 2453 4103 etsie

435 4122 612 4187 'limebnut
640 4138 734 4198 eum,
768 4119 876 4183 donec
905 4130 1002 4183 erunt
1023 4117 1085 4184 Sol
1113 4130 1147 4183 et
1172 4119 1279 4185 Luna.
1323 4120 1416 4198 item,
1468 4118 1628 4183 assumsit
1649 4118 1823 4182 humanam
1847 4130 2009 4199 naturam,
2033 4134 2065 4184 et
2087 4122 2137 4187 sic
2159 4124 2264 4188 induit
2281 4123 2454 4188 infirmita·

435 4208 637 4292 adorabunt
659 4225 734 4269 eum
757 4225 873 4269 omnes
894 4202 1019 4290 Reges.
1064 4205 1126 4269 llic
1149 4204 1306 4270 Psalmus
1327 4201 1418 4269 affir·
1468 4215 1551 4283 tem,
1588 4215 1626 4267 ut
1657 4224 1723 4268 non
1745 4218 1894 4270 maneret
1919 4208 1952 4270 in
1980 4203 2098 4271 morte'.
2144 4208 2453 4295 Hancpersonam

435 4290 674 4359 mathlessiam
696 4302 865 4355 aeternum
896 4310 972 4354 esse
1000 4291 1077 4355 item
1101 4292 1305 4355 adorandum
1328 4311 1417 4355 esse.
1468 4286 1573 4354 voluit
1593 4300 1750 4358 aeternus
1772 4290 1874 4356 Pater
1892 4312 1969 4358 esse
1991 4294 2174 4373 victimam,
2199 4310 2232 4361 et
2254 4297 2453 4381 quiescente

436 4380 510 4444 Hae
531 4387 609 4442 suut
629 4378 849 4463 proprietates
871 4374 955 4454 Dei,
984 4387 1018 4440 et
1038 4373 1233 4463 intelligitur
1254 4378 1418 4456 adomtio,
1469 4376 1574 4440 verbo
1607 4377 1707 4460 mori,
1741 4380 1925 4443 secundum
1947 4399 2020 4443 cam
2048 4392 2216 4460 naturam,
2251 4402 2336 4468 quae
2364 4384 2453 4447 mori

436 4485 504 4531 non
527 4465 570 4528 de
592 4474 729 4527 externo
752 4467 851 4548 'gestu
874 4464 1026 4547 corporis
1048 4473 1185 4533 tautum,
1209 4464 1265 4548 qui
1283 4461 1418 4528 exhibe·
1467 4472 1608 4546 poterat.
1640 4462 1707 4528 Sed
1719 4460 1824 4529 voluit
1845 4484 1919 4530 curn
1938 4485 2005 4530 non
2021 4485 2155 4531 manere
2171 4468 2205 4532 in
2223 4481 2338 4533 morte.
2367 4467 2452 4534 ldeo

436 4565 490 4618 tur
507 4550 676 4635 praesenti
697 4552 768 4636 regi
790 4569 884 4613 more
904 4546 1052 4633 politico,
1075 4550 1136 4613 sed
1159 4551 1201 4614 de
1223 4551 1418 4615 adoratione
1438 4565 1444 4588 ’
1467 4549 1573 4635 inquit
1594 4547 1800 4615 Athanasius
1823 4573 1901 4638 pag.
1919 4550 1973 4616 28.
1996 4549 2128 4636 Corpus
2150 4557 2327 4633 assumsit,
2357 4556 2454 4638 quod

435 4649 577 4703 naturae
600 4655 699 4721 quarn
722 4658 790 4701 non
814 4636 981 4700 cernimus
1004 4632 1112 4700 oculis
1131 4634 1375 4719 corporalibus,
1397 4657 1418 4701 a
1468 4636 1551 4699 mori
1573 4648 1706 4720 posset,
1733 4637 1812 4721 quia
1834 4649 1940 4702 morta
1961 4635 2128 4723 placanda
2150 4653 2222 4704 erat
2243 4642 2293 4706 ira
2320 4642 2453 4705 aeterni

436 4722 771 4828 quapetimusbona,
793 4742 879 4808 quae
900 4741 967 4786 non
988 4731 1132 4806 possunt
1153 4724 1224 4786 dari
1246 4742 1267 4787 a
1289 4735 1418 4787 creatu·
1468 4719 1588 4785 Patris.
1634 4720 1771 4787 Manere
1790 4734 1913 4787 -autem
1946 4725 1978 4787 iu
2011 4736 2120 4789 morte
2151 4723 2213 4790 fuit
2241 4724 2453 4814 impossibile

433 4829 493 4889 ms,
516 4829 615 4895 quam
638 4808 834 4873 confitemur
856 4809 937 4873 dare
959 4809 1071 4885 vitam,
1094 4808 1250 4872 iustitiam
1271 4821 1306 4875 et
1328 4807 1418 4873 salu·
1467 4818 1607 4891 propter
1626 4809 1749 4872 unitam
1782 4820 1933 4873 naturam
1956 4810 2118 4889 divinam,
2174 4833 2237 4877 uae
2265 4814 2348 4878 mori
2381 4834 2452 4878 nou

434 4906 511 4961 ιειιι.
555 4892 599 4959 Et
620 4893 653 4959 in
675 4891 741 4957 hoc
763 4896 772 4958 i
797 4915 837 4959 so
854 4893 990 4960 Psalmo
1012 4895 1064 4957 sic
1085 4891 1277 4960 declaratur
1299 4895 1417 4960 adora·
1467 4904 1609 4978 poterat.
1675 4893 1866 4959 Teneautur
1906 4908 2015 4960 autern
2054 4894 2121 4964 hoc
2151 4834 2237 4964 hoco
2276 4901 2363 4963 modi
2398 4897 2451 4963 lo·

433 4983 492 5062 tio,
510 4980 589 5068 quia
612 4978 755 5045 alfirmat
773 4917 864 5046 hunc
886 4980 1013 5069 Regem
1036 4981 1182 5045 tribuere
1204 4982 1308 5061 bona,
1329 5001 1417 5067 quae
1468 4979 1591 5064 queudi
1622 4980 1655 5043 in
1684 4977 1855 5060 Ecclesia,
1888 4982 1977 5047 bono
2005 4983 2127 5049 iudicio
2156 4985 2310 5049 distincti.
2355 4984 2452 5051 Haec

435 5080 609 5137 menturae
631 5066 712 5131 dare
733 5086 801 5131 non
822 5078 975 5150 possunt
1008 5065 1133 5152 Eripiet
1148 5087 1340 5151 pauperem,
1363 5068 1416 5132 cui
1467 5066 1653 5150 propositio
1675 5085 1741 5131 non
1765 5077 1819 5132 ast
1840 5081 1976 5153 recepta
2003 5070 2036 5132 in
2060 5067 2229 5150 Ecclesia,
2251 5071 2378 5136 Natura
2401 5072 2452 5137 di·

433 5174 501 5221 nou
524 5167 577 5220 est
599 5154 748 5232 adiutor,
771 5151 852 5218 dicit
872 5151 972 5218 talem
994 5173 1072 5218 esse
1093 5149 1337 5237 opitulatorem,
1360 5154 1416 5240 qui
1467 5152 1546 5217 vina
1567 5153 1723 5232 moritur,
1756 5150 1841 5225 Quia
1869 5157 1901 5219 iu
1925 5157 2097 5221 abstracto
2126 5169 2243 5221 natura
2265 5160 2453 5225 secundum

434 5241 589 5307 desertos
611 5242 654 5305 ab
677 5240 831 5304 omnibus
854 5241 1016 5305 creaturis
1038 5252 1164 5319 servat,
1187 5251 1223 5305 ut
1240 5251 1417 5307 servamur
1468 5257 1507 5304 se
1529 5239 1776 5316 consideratur,
1802 5260 1869 5306 non
1892 5240 2182 5326 comprehenditur
2201 5264 2360 5328 persona.
2406 5244 2453 5310 Et

433 5325 544 5393 Adam
565 5337 600 5393 et
620 5324 693 5393 Eva
715 5327 840 5392 deserti
856 5326 900 5391 ab
919 5327 1071 5391 omnibus
1092 5327 1265 5394 creaturis.
1468 5335 1618 5390 vetustas
1652 5337 1718 5389 tam
1752 5345 1872 5391 severe
1899 5329 2079 5394 custodivit
2112 5327 2200 5395 hunc
2232 5331 2366 5395 modurn
2399 5329 2452 5398 lc·

1467 5411 1608 5497 quendi,
1641 5422 1676 5477 ut
1703 5413 1875 5478 decretum
1903 5424 1992 5480 extet
2020 5416 2107 5480 inter
2129 5428 2281 5481 caeteras
2305 5419 2452 5503 optimas

1467 5498 1717 5575 sententiosis
1739 5496 1868 5586 libroil.
1900 5498 2100 5586 'l'ripartitae
2120 5502 2292 5576 historiae:
2316 5504 2452 5589 Siquis

1467 5584 1564 5664 dicit,
1597 5584 1685 5671 quod
1707 5585 1741 5649 in
1762 5586 1921 5672 passione
1944 5588 2053 5654 crucis
2076 5585 2224 5654 dolorem
2254 5590 2453 5657 sustinuerit
