5892 6709
463 641 532 707 ba}
1093 639 1205 705 PlilL.
1222 639 1326 705 MEL.
1344 636 1533 706 SGRlP'l'A
1547 633 1826 704 hostiarios.
2417 638 2486 706 544

467 841 564 897 tanas
587 827 721 897 intravit
743 812 881 894 in'eum.
905 828 990 893 Hinc
1012 840 1090 894 sunt
1110 829 1260 893 incestae
1280 827 1448 909 libidines,
1500 827 1585 893 eius.
1629 824 1759 892 Deinde
1781 837 1815 891 et
1835 825 1902 890 hoc
1924 845 2039 892 verum
2060 835 2124 906 est,
2133 824 2209 891 Non
2232 837 2345 912 potest
2365 826 2484 894 huma·

466 918 655 1003 parricidia,
677 916 872 994 seditiones,
893 912 1026 980 furores
1060 926 1231 981 moventes
1255 913 1345 980 bella
1366 918 1448 980 iniu-
1500 933 1545 976 na
1566 910 1723 977 voluutas
1747 912 1885 977 credere
1906 912 1949 976 de
1969 914 2192 996 promissione
2214 913 2345 993 diviua,
2379 927 2415 980 et
2436 916 2485 982 in·

468 1013 521 1067 sta
543 1015 577 1068 et
598 1004 733 1083 caedes,
755 999 996 1088 blasphemiae,
1028 999 1195 1067 idolorum
1230 999 1381 1067 defensio
1415 1011 1449 1065 et
1501 998 1626 1063 choare
1656 996 1846 1062 interiorem
1880 998 2112 1079 obedientiam,
2143 1000 2208 1063 uisi
2239 996 2315 1065 luce
2335 1020 2485 1068 acosma

466 1087 534 1154 alia
555 1086 668 1155 multa.
1499 1103 1561 1167 per
1581 1081 1799 1170 Evangelium
1820 1103 1842 1147 a
1862 1080 1945 1149 Filio
1958 1082 2024 1148 Dei
2044 1095 2078 1148 et
2094 1084 2200 1150 effuso
2218 1087 2340 1171 Spiritu
2361 1099 2484 1154 sancto

1498 1171 1532 1233 in
1557 1170 1662 1235 corda
1683 1188 1816 1248 eorum,
1845 1169 1901 1255 qui
1922 1182 2173 1237 convertuntur.
2216 1170 2297 1237 ldeo
2320 1170 2414 1239 clare
2435 1175 2485 1240 dl·

554 1258 650 1325 Hanc
682 1269 806 1324 tantam
839 1257 1005 1322 miseriam
1026 1258 1159 1344 generis
1180 1257 1315 1323 humani
1338 1258 1447 1322 consi·
1499 1256 1587 1320 citur
1608 1252 1705 1321 Rom·
1732 1255 1765 1322 8.
1809 1254 1874 1330 Qui
1902 1255 2068 1322 ducuntur
2089 1256 2212 1343 Spiritu
2233 1256 2316 1339 Dei,
2348 1257 2383 1323 hi
2405 1271 2486 1324 sunt

468 1348 639 1424 daremus,
670 1353 704 1408 et
725 1345 766 1409 de
789 1344 900 1408 causis
922 1344 1108 1430 cogitemus
1129 1341 1307 1428 patefactis
1328 1344 1362 1407 in
1384 1341 1447 1408 Ec·
1499 1338 1557 1406 lilii
1579 1339 1652 1407 Dei.
1696 1340 1790 1420 ltem',
1812 1341 1851 1408 Si
1867 1344 1942 1430 quis
1964 1341 2123 1428 Spiritum
2133 1341 2258 1408 Christi
2279 1365 2347 1410 non
2369 1346 2485 1426 habet,

468 1432 586 1511 clesia,
609 1441 641 1495 et
661 1429 807 1495 remedia
829 1447 1039 1514 quaeramus.
1084 1427 1238 1494 Sciamus
1255 1427 1447 1494 FiliumDei
1498 1428 1530 1491 is
1551 1445 1620 1491 non
1642 1437 1695 1493 ost
1716 1425 1851 1493 Christi.
1895 1426 2010 1494 lohan.
2032 1428 2067 1494 6.
2102 1429 2210 1494 Nemo
2231 1442 2346 1516 potest
2366 1435 2485 1498 venire

467 1519 602 1584 missum
625 1535 714 1595 esse,
735 1527 773 1582 ut
795 1516 945 1581 destruat
967 1535 1070 1598 opera
1085 1512 1220 1580 Diaboli
1243 1526 1275 1579 et
1298 1529 1448 1580 conterat
1501 1513 1544 1578 ad
1566 1532 1632 1591 me,
1654 1514 1718 1578 nisi
1736 1512 1839 1579 Pater
1861 1514 1999 1580 traxerit
2021 1534 2108 1580 euan-
2153 1514 2246 1596 item,
2267 1516 2348 1582 Sine
2369 1519 2485 1584 meni·

467 1612 567 1688 caput
587 1602 764 1686 serpentis,
785 1598 1305 1688 discernamus‘Philosophicam
1326 1603 1447 1666 doctri·
1499 1595 1547 1663 hil
1567 1601 1708 1684 potestis
1725 1598 1850 1664 iacere.
1894 1599 1987 1680 item,
2019 1600 2125 1667 Nemo
2147 1604 2242 1667 novit
2262 1602 2396 1669 Patrem
2418 1605 2485 1670 nisi

466 1709 543 1755 nam
565 1691 608 1754 ab
621 1686 838 1774 Evangelica,
859 1687 893 1750 id
912 1697 974 1765 est,
996 1687 1141 1752 sciamus
1161 1707 1272 1754 veram
1296 1689 1448 1753 virtutem
1499 1682 1621 1763 Filius,
1652 1697 1686 1751 et
1704 1688 1758 1751 cui
1779 1683 1873 1750 volet
1893 1682 1997 1752 Filius
2019 1684 2181 1753 revelare.
2226 1687 2409 1756 Sciendum
2430 1703 2485 1756 est

468 1794 547 1840 esse
579 1772 689 1841 lucem
722 1793 901 1839 accensam
922 1794 984 1878 per
1005 1770 1121 1838 Filium
1143 1771 1208 1839 Dei
1230 1793 1315 1839 voce
1336 1772 1447 1837 Evan·
1498 1781 1607 1836 autem
1628 1767 1748 1838 Filium
1771 1769 1846 1850 Dei,
1878 1774 1935 1858 qui
1969 1784 2022 1838 est
2053 1784 2155 1859 caput
2175 1771 2351 1841 Ecclesiae
2371 1775 2485 1926 lparii-

403 1879 410 1888 ·
467 1858 560 1949 gelli,
606 1881 648 1926 ua
671 1879 786 1925 verum
798 1856 907 1924 Deum
929 1870 1102 1939 intuemur,
1126 1871 1159 1924 et
1180 1872 1289 1924 motus
1302 1859 1447 1944 Spiritus
1500 1857 1592 1922 ciens
1614 1858 1724 1921 omnia
1740 1858 1773 1922 ia
1796 1859 1951 1923 omnibus
1971 1858 2145 1924 efficacem
2167 1879 2244 1924 essa
2265 1881 2353 1927 voce
2402 1883 2485 1929 van-

467 1947 577 2012 sancti
599 1967 631 2011 rn
654 1944 768 2024 corde,
790 1945 876 2009 sicut
898 1944 931 2009 2.
954 1943 1032 2009 Gor.
1055 1943 1086 2008 3.
1110 1945 1248 2011 dicitur:
1270 1944 1446 2010 Trans-ior·
1523 1942 1589 2022 elii,
1609 1954 1645 2007 et
1666 1943 1747 2008 darc
1767 1943 1927 2029 Spiritum
1949 1957 2101 2011 sanctum
2124 1965 2199 2011 cum
2220 1967 2306 2013 voce
2328 1945 2401 2013 Eva

468 2053 607 2112 mamur,
639 2041 676 2097 ut
704 2027 886 2096 efficiamur
912 2032 1024 2118 imago
1056 2029 1130 2095 Filii
1163 2028 1228 2096 Dei
1260 2052 1280 2096 a
1316 2032 1445 2095 Domini
1498 1962 1534 2092 li
1555 2041 1792 2108 sustentamur,
1811 2040 1848 2094 ut
1870 2028 2057 2096 clarissime
2080 2032 2201 2097 dicitur
2223 2030 2336 2098 Galat.
2359 2033 2392 2099 3.
2470 2045 2484 2100 t

467 2118 604 2204 Spiritu,
626 2117 661 2183 id
683 2127 747 2196 est,
767 2114 858 2182 lucet
878 2118 1016 2182 verbum
1038 2117 1071 2181 in
1094 2129 1221 2194 mente,
1255 2128 1289 2181 et
1310 2115 1358 2181 iili
1379 2115 1446 2180 luci
1523 2116 1751 2180 romissionem
1774 2113 1918 2199 Spiritus
1939 2117 2143 2200 accipiamus
2190 2117 2361 2184 erFidem.
2385 2119 2482 2200 item,

469 2214 692 2289 congruentes
724 2215 836 2268 motus
858 2202 1088 2267 accenduntur
1108 2224 1170 2288 per
1190 2204 1346 2288 Spiritum
1370 2224 1446 2267 san·
1498 2137 1718 2287 Lvangelium
1738 2211 1791 2266 cst
1812 2204 1960 2285 potentia
1981 2200 2046 2267 Dal
2068 2204 2111 2268 ad
2133 2139 2276 2269 salutem
2298 2208 2387 2280 orani
2410 2227 2486 2273 cre·

469 2299 568 2354 ctum.
591 2289 683 2353 Haec
706 2290 851 2354 remedia
872 2285 1032 2352 salutaria
1054 2289 1221 2354 discamus
1234 2300 1267 2354 et
1283 2301 1446 2375 petamus,
1500 2286 1600 2352 denti.
1643 2287 1697 2352 Ac
1720 2305 1821 2372 saepe
1842 2286 1930 2351 hanc
1951 2289 2160 2354 verissimam
2188 2289 2485 2359 commonefactio·

467 2375 976 2460 sicutsaepisstmepraecipitur:
989 2374 1447 2459 Petiteetaccipictis.Quart·
1498 2393 1574 2438 nem
1595 2374 1791 2458 repetimus:
1814 2370 2008 2459 Cogitantes
2030 2375 2072 2440 de
2094 2374 2168 2440 Deo
2192 2397 2213 2440 a
2233 2375 2404 2461 patefacta
2422 2399 2485 2444 vo-

466 2473 501 2527 to
523 2461 631 2549 magis
654 2460 755 2526 Pater
776 2472 886 2526 vester
909 2458 1066 2526 coelestis
1089 2462 1180 2526 dabit
1192 2460 1348 2546 Spiritum
1371 2481 1447 2525 san·
1500 2479 1539 2524 ce
1558 2459 1727 2524 doctrinae
1749 2459 1850 2524 ordiri
1873 2472 2040 2545 oportere,
2073 2481 2136 2526 nec
2159 2464 2385 2546 quaerendam
2404 2483 2487 2529 esse

467 2557 555 2614 ctum
577 2549 783 2632 petentibus:
805 2545 898 2624 item,
912 2544 1094 2611 Effundam
1116 2566 1219 2632 super
1236 2545 1447 2611 domumDa-
1500 2541 1704 2609 voluntatem
1716 2541 1779 2608 Dei
1802 2546 1875 2610 sine
1895 2547 2001 2612 verbo
2022 2548 2139 2630 ipsius,
2161 2548 2237 2613 ideo
2255 2566 2418 2633 expresse
2434 2550 2486 2614 di·

466 2633 523 2698 vid
544 2633 702 2718 Spiritum
724 2632 853 2719 gratiae
875 2644 909 2696 ct
929 2652 1076 2716 precum.
1100 2631 1192 2697 llaec
1209 2647 1391 2717 praecepta
1414 2642 1448 2695 et
1500 2632 1559 2695 cit:
1583 2628 1666 2695 Cum
1688 2631 1830 2696 mundus
1852 2650 1919 2696 uon
1937 2629 2222 2698 nossetDeumin
2235 2636 2401 2720 sapientia
2421 2657 2487 2721 per

466 2718 529 2784 has
551 2717 763 2784 dulcissimas
784 2717 1025 2803 promissiones
1047 2719 1192 2803 quotidie
1209 2722 1242 2783 in
1264 2719 1447 2784 invocatio·
1499 2716 1705 2866 Ξπίειιιὶιιιιι,
1726 2714 1853 2800 placuit
1868 2716 1944 2782 Deo
1964 2737 2025 2801 per
2047 2719 2180 2785 stultam
2201 2722 2488 2806 praedicationem

466 2824 510 2869 ne
532 2805 727 2890 cogitemus.
805 2813 809 2822 '
1552 2822 1614 2868 vos
1635 2799 1750 2867 iacere
1772 2802 1958 2868 credentes.

554 2975 666 3060 Supra
682 2984 792 3040 autem
814 2976 882 3041 dixi
893 2972 1100 3059 disciplinam
1120 2971 1223 3053 illam,
1242 2993 1340 3060 qnam
1363 2975 1475 3037 retici
1584 2971 1647 3037 Est
1667 2983 1778 3038 autem
1799 2984 1940 3059 utraque
1961 2975 2079 3040 concio
2101 2974 2324 3042 universalist
2346 2977 2488 3046 Praedi-

467 3057 603 3127 efficere
625 3072 793 3147 utcunque
810 3073 933 3146 potest,
954 3081 1163 3148 nequaquam
1185 3060 1379 3145 esseLegis
1400 3059 1447 3123 di·
1498 3058 1831 3144 catiopoonitentiae,
1852 3069 1886 3124 et
1894 3061 2086 3144 promissio,
2102 3061 2242 3148 Utrique
2252 3063 2352 3151 igitur
2363 3085 2488 3131 omnes

468 3149 565 3213 vinae
596 3144 817 3234 impletionem
850 3167 959 3232 neque
991 3149 1164 3224 iustitiam,
1196 3168 1262 3233 qua
1282 3143 1382 3210 homo
1403 3145 1448 3209 sit
1498 3146 1730 3225 assentiamur,
1751 3164 1890 3231 agamus
1911 3147 2158 3229 poenitentiam,
2175 3149 2353 3216 credamus
2364 3171 2488 3217 omnes

464 3234 572 3301 iustus
595 3254 708 3299 coram
729 3231 823 3313 Deo,
844 3253 953 3320 noque
975 3233 1094 3298 mereri
1117 3229 1346 3298 remissionem
1368 3252 1446 3315 pec·
1499 3234 1531 3296 in
1542 3227 1677 3310 Filium,
1698 3251 1762 3297 nec
1783 3233 1989 3315 disputemus
2011 3232 2054 3297 de
2074 3230 2141 3300 aha
2157 3239 2287 3300 'arcana
2297 3235 2487 3320 voluntate,

466 3332 634 3400 catorum,
666 3340 774 3405 neque
797 3316 1117 3399 reconciliationem,
1139 3339 1248 3406 neque
1269 3320 1370 3385 vitam
1392 3337 1446 3381 ae·
1497 3337 1562 3382 nec
1594 3316 1761 3405 fingamus
1792 3319 1828 3382 in
1855 3316 1932 3383 Deo
1966 3319 2244 3386 contradictorias
2276 3322 2486 3390 voluntates.

464 3413 602 3471 ternam.
646 3404 690 3470 Et
716 3403 804 3471 infra
835 3405 878 3470 de
910 3405 1018 3557 Legee
1036 3406 1223 3472 taxabimus
1252 3404 1446 3470 Pharisaica
1497 3403 1648 3490 Cumque
1670 3425 1692 3468 a
1712 3405 1816 3468 verbo
1838 3402 1903 3468 Dei
1921 3405 2079 3485 ordimur,
2112 3407 2257 3472 sciamus
2280 3429 2486 3478 consumere

466 3488 692 3569 deliramenta,
711 3511 798 3576 quae
819 3491 949 3577 fingunt
1018 3493 1053 3598 gi
1074 3490 1140 3557 Dei
1162 3491 1317 3557 satisfieri
1338 3501 1446 3555 exter·
1497 3487 1561 3554 has
1583 3510 1723 3555 causas:
1766 3488 1896 3556 Vocem
1918 3511 1939 3555 a
1960 3489 2035 3556 Deo
2056 3492 2221 3572 traditam,
2243 3504 2277 3558 et
2296 3494 2409 3598 ipsum
2429 3495 2486 3562 Fr-

464 3577 519 3641 nis
541 3578 712 3661 operibus,
735 3595 811 3641 cum
821 3576 892 3642 Lea
913 3580 1099 3663 praecipiat
1115 3578 1278 3664 integram
1291 3577 1446 3642 obedian-
1497 3573 1576 3640 lium
1610 3571 1785 3642 efficacem
1817 3596 1879 3661 per
1910 3577 2004 3642 verbi
2032 3580 2159 3644 externi
2188 3580 2427 3665 cogitationem
2449 3593 2485 3649 et

465 3662 545 3727 tiam
566 3663 600 3726 in
622 3673 751 3740 mente,
775 3663 878 3726 corde
901 3675 934 3726 et
955 3663 1104 3727 extemis
1126 3665 1332 3740 actionibus,
1355 3663 1447 3726 iuxta
1486 3661 1630 3734 ,dantem
1645 3662 1803 3744 Spiritum
1825 3673 1990 3742 sanctum,
2011 3664 2098 3730 sicut
2119 3665 2242 3752 inquitt
2263 3665 2372 3732 Nemo
2388 3669 2485 3734 novit

465 3748 604 3814 dictum:
626 3745 759 3832 Diliges
780 3745 960 3812 Dominum
971 3746 1080 3813 Deum
1103 3762 1193 3814 tuum
1215 3768 1257 3812 cx
1277 3760 1349 3812 toto
1373 3767 1446 3811 cor·
1498 3745 1631 3811 Patrem
1653 3747 1716 3812 nisi
1739 3745 1861 3826 Filius,
1894 3759 1928 3812 et
1948 3750 2002 3814 cui
2023 3747 2168 3817 voluerit
2188 3748 2292 3818 Filius
2314 3751 2481 3820 revelare.

464 3834 518 3899 tle.
551 3831 747 3920 Congruere
769 3855 844 3900 cum
856 3832 950 3920 Lege
972 3847 1113 3899 mentem
1134 3846 1169 3899 et
1187 3836 1446 3918 comportabat,
1495 3831 1641 3912 Scimus,
1664 3834 1756 3920 quod
1777 3834 1821 3898 sit
1841 3834 1875 3898 in
1897 3837 2013 3916 uobis,
2058 3837 2113 3901 uia
2134 3838 2176 3902 de
2198 3839 2319 3925 Spiritu
2340 3861 2406 3906 suo
2423 3841 2482 3906 dat

464 3939 550 4006 qaae
571 3916 774 3985 horribiliter
794 3929 982 4007 repugnant
1010 3919 1094 4006 Legi
1116 3920 1200 3999 Dei,
1233 3919 1320 3986 siout
1344 3931 1377 3984 et
1398 3931 1446 3983 te·
1481 3921 1604 3984 'uobis
1647 3918 1741 3999 ltem,
1764 3919 1840 4005 lpse
1862 3931 1915 3985 est
1937 3934 2037 4007 caput
2085 3922 2229 3990 eclesiae
2251 3926 2362 3992 omnia
2383 3925 2483 4014 pera

463 4005 571 4071 statur
581 4003 724 4072 Paulus:
748 4005 877 4070 Sensus
901 4006 1012 4070 carnis
1033 4007 1199 4072 inimicitia
1217 4007 1446 4071 estadversus
1498 4008 1589 4070 ciens
1611 4006 1644 4069 iu
1668 4007 1839 4071 omuibus:
1863 4017 1897 4071 et
1916 4017 1996 4073 tuuc
2014 4022 2171 4094 oportere
2188 4008 2394 4078 voluntatem
2411 4033 2482 4079 non

463 4089 582 4158 Deum.
604 4090 702 4156 Mens
726 4094 757 4155 in
776 4113 843 4155 non
866 4094 989 4157 renatis
1010 4090 1110 4177 plena
1131 4105 1183 4158 est
1206 4092 1445 4157 dubitationum
1497 4112 1684 4178 repugnare
1706 4091 1798 4171 Deo,
1831 4094 1893 4156 sed
1914 4095 2089 4175 assentiri,
2118 4114 2193 4162 oum
2215 4098 2347 4206 guidem
2370 4099 2482 4165 lama

464 4178 507 4243 de
527 4177 616 4256 Deo,
640 4179 744 4244 corda
765 4188 843 4242 suut
864 4179 937 4242 sine
959 4200 1039 4244 vero
1062 4180 1179 4245 timore
1197 4177 1272 4255 Dei,
1294 4178 1367 4241 sine
1389 4199 1445 4243 ve·
1496 4175 1571 4242 Deo
1593 4175 1753 4242 trahatur.
1798 4176 1921 4244 Posset
1943 4180 2029 4245 enim
2052 4187 2244 4247 excutereb
2267 4184 2379 4249 iritum
2401 4205 2481 4251 san·

462 4284 502 4329 ra
524 4262 645 4330 fiducia
665 4263 749 4343 Dei,
783 4273 816 4328 et
837 4262 961 4328 habent
983 4265 1127 4350 impetus
1149 4264 1304 4329 ardentes
1327 4276 1445 4328 contra
1496 4274 1597 4342 ctum,
1619 4275 1657 4329 ut
1673 4266 1798 4331 excutit
1819 4262 1903 4329 Saul
1923 4284 1986 4332 sua
2008 4279 2148 4353 sponte:
2187 4267 2217 4334 S
2284 4288 2361 4335 cum
2382 4291 2480 4336 mens

463 4347 591 4436 Legem
612 4347 694 4428 Dei,
727 4350 870 4436 denique
899 4361 1020 4414 natura
1042 4347 1184 4415 humana
1206 4367 1370 4435 oppressa
1392 4361 1445 4415 est
1496 4350 1633 4414 audiens
1655 4370 1697 4414 ac
1718 4368 1756 4416 se
1778 4362 1971 4416 sustentans
1992 4373 2060 4418 uon
2081 4375 2119 4419 re
2141 4365 2264 4444 agnat,
2284 4376 2354 4421 non
2371 4354 2480 4424 indul·

462 4444 602 4521 peccato
626 4448 660 4500 et
681 4447 797 4502 morte.
842 4434 936 4501 llaec
957 4436 1105 4521 ingentia
1131 4433 1219 4501 mula
1246 4438 1442 4516 intueamur,
1496 4447 1552 4522 get
1574 4433 1787 4517 diffidentiae,
1819 4437 1879 4502 sed
1902 4438 2079 4505 adiuvante
2129 4439 2184 4506 ilio
2206 4440 2271 4506 Dei
2295 4462 2355 4528 per
2376 4443 2402 4506 S
2426 4445 2480 4509 irl-

463 4541 539 4586 cum
557 4532 753 4588 extenuatur
773 4519 912 4586 libertas
934 4520 1127 4588 voluntatis.
1366 4545 1368 4550 ·
1494 4533 1564 4587 tum
1597 4533 1750 4588 sanctum
1772 4524 1962 4589 assentitur.
2006 4524 2043 4588 ln
2065 4523 2131 4593 hoc
2155 4530 2335 4593 certamine
2358 4465 2478 4597 volun·

1496 4619 1549 4673 tas
1571 4629 1639 4674 uon
1663 4621 1716 4673 est
1738 4610 1857 4675 otiosa.
1903 4609 1945 4675 lit
1968 4624 2100 4677 veteres
2123 4614 2292 4680 diverunt:
2335 4613 2480 4682 Praeca-

549 4692 611 4758 llic
643 4693 744 4780 igitur
765 4695 905 4778 primum
928 4705 961 4760 et
982 4696 1161 4780 perspicue
1185 4693 1321 4760 dicitur:
1365 4693 1442 4760 Non
1492 4696 1595 4760 dente
1611 4697 1731 4782 gratia,
1764 4697 1944 4762 comitante
1964 4695 2137 4765 voluntate
2155 4701 2244 4765 bona
2266 4719 2372 4786 opera
2394 4701 2478 4768 lieri.

460 4790 574 4865 potest
601 4779 746 4845 humana
774 4778 931 4846 voluutas
959 4802 1084 4848 exuere
1105 4782 1278 4846 uobiscum
1302 4800 1443 4845 nasccn-

461 4876 528 4932 tem
562 4865 777 4951 pravitatem,
809 4887 875 4932 nec
906 4879 1019 4953 potest
1039 4867 1122 4952 Legi
1145 4865 1209 4932 Dei
1237 4865 1443 4940 satisfacere,
1580 4865 1624 4930 Et
1644 4863 1791 4931 Basilius
1812 4869 1932 4953 inquit:
1954 4870 2046 4951 μίνον
2061 4877 2191 4952 θέλησον
2211 4877 2262 4936 και
2282 4873 2361 4951 θεὸς
2381 4899 2478 4962 apaa-

460 4972 547 5039 quae
570 4952 694 5017 iudicat
715 4966 748 5017 et
770 4953 905 5019 damnat
926 4966 1101 5040 peccatum
1114 4955 1146 5018 ἰιι
1158 4964 1277 5018 natura
1288 4950 1443 5032 hominis,
1494 4954 1601 5044 παντᾷ.
1635 4951 1731 5018 Deus
1754 4957 1930 5021 antevertit
1951 4978 2026 5035 uos,
2048 4967 2162 5038 vocat,
2183 4970 2307 5040 mouet,
2329 4963 2479 5043 adiuva,

460 5057 529 5104 nou
551 5036 653 5116 tollit,
684 5039 769 5103 sicut
792 5059 856 5105 nec
879 5051 1018 5105 mortem
1041 5036 1145 5119 tollit,
1167 5059 1231 5104 nec
1252 5050 1364 5124 potest
1386 5061 1443 5104 vo·
1495 5038 1556 5103 sed
1578 5058 1641 5103 nos
1658 5038 1850 5119 viderimus,
1881 5062 1924 5106 ne
1946 5063 2180 5131 repugnemus.
2225 5043 2368 5113 &natat
2388 5049 2478 5116 euim

459 5121 571 5192 luntas
595 5125 713 5191 mereri
732 5125 960 5191 remissionem
971 5138 1197 5212 peccatorum,
1217 5127 1443 5191 nacreconci·
1493 5136 1669 5211 peccatum
1690 5127 1769 5191 oriri
1791 5147 1812 5191 a
1832 5129 1941 5210 uobis,
1963 5151 2032 5197 aon
2052 5151 2073 5197 a
2092 5130 2264 5198 voluntate
2284 5130 2360 5198 Dei.

459 5207 638 5291 liatiouem,
661 5229 726 5276 nec
741 5211 807 5276 vita
821 5224 1025 5278 maeternam
1036 5213 1153 5278 mereri
1165 5225 1293 5298 potesta
1316 5213 1376 5277 scd
1388 5212 1442 5277 iir-
2136 5225 2145 5247 ¹
2360 5259 2363 5264 -

459 5299 608 5364 missime
631 5298 775 5364 tenenda
797 5308 851 5362 est
871 5319 910 5361 re
946 5295 987 5363 rla
1010 5298 1166 5365 iohannis
1183 5298 1216 5364 8.
1260 5298 1381 5364 sivos
1403 5295 1442 5363 li·
1580 5295 1843 5386 Ghrysostomus
1864 5301 1985 5387 inquit:
2028 5299 2075 5367 30⁹
2101 5304 2196 5369 ἕλκων
2216 5303 2268 5368 nir
2295 5306 2479 5389 βουλόμενοι

461 5385 628 5451 iteraverit
649 5383 766 5465 Filius,
788 5403 869 5449 vere
890 5383 913 5448 li
940 5387 986 5449 eri
1009 5386 1112 5450 eritis.
1157 5383 1199 5450 Et
1221 5382 1316 5450 Rom.
1336 5384 1368 5450 3.
1390 5384 1441 5452 Ex
1492 5382 1583 5464 iiras,
1617 5385 1730 5465 trahit,
1763 5387 1824 5450 sed
1846 5384 2011 5454 volentem
2033 5389 2144 5454 trahit.
2190 5389 2283 5456 Sicut
2305 5403 2340 5457 et
2362 5394 2394 5457 in
2418 5391 2478 5461 illo

461 5470 679 5556 operibusLe
704 5473 733 5536 's
754 5491 824 5537 non
845 5469 1078 5537 iustificabitur
1100 5472 1207 5536 omnis
1230 5492 1309 5536 caro
1329 5491 1442 5539 coram
1493 5472 1568 5556 ipso
1590 5467 1668 5538 loco
1691 5471 1846 5538 iohannis
1869 5473 2003 5541 diciturt
2037 5474 2157 5541 Omnis
2177 5478 2234 5562 qui
2255 5479 2349 5545 audit
2371 5500 2393 5545 a
2413 5480 2480 5547 Pa·

459 5573 513 5621 eo.
556 5555 657 5636 item,
704 5557 910 5626 ustificamur
941 5557 1046 5644 gratis
1075 5555 1141 5622 ilde
1162 5578 1223 5643 per
1242 5561 1442 5646 sanguinem
1493 5570 1545 5624 tre
1566 5568 1599 5623 et
1620 5559 1730 5638 discit,
1762 5562 1874 5626 veniet
1895 5561 1938 5626 ad
1960 5581 2022 5627 me.
2067 5561 2211 5629 Discere
2231 5564 2332 5649 iubet,
2354 5566 2388 5631 id
2410 5577 2480 5646 eat,
