5892 6709
469 595 534 662 tls
1093 591 1208 660 PlllL.
1230 592 1335 661 MEL.
1358 594 1547 662 SCRIPTA
1568 594 1849 667 DotihtATttJA.

465 781 672 862 consoletur,
706 794 755 886 et⁸
774 782 824 847 aie
856 794 936 869 agat
963 784 1100 868 gratias.
1145 748 1238 848 llaec
1259 784 1369 849 onmia
1384 805 1449 891 pu·
1664 789 1889 902 Responsio
1920 792 1975 875 ad
2005 792 2115 878 dim
2145 791 2324 880 pamm

465 881 567 955 guent
595 889 671 936 cnm
693 879 823 934 ratione
845 869 958 953 operis
980 868 1123 952 oporam
1156 866 1248 954 Ergo
1275 890 1338 934 nee
1359 893 1449 951 aepa-

463 955 594 1044 pmaaiv
617 973 696 1020 esse
718 967 830 1039 potest
850 975 894 1019 ea
916 974 1019 1038 opere
1042 966 1191 1039 operato.
1214 952 1450 1026 Qnareetiam·

330 1039 332 1044 '
464 1044 494 1107 si
516 1038 693 1127 applicatio
714 1038 956 1117 detraheretur,
974 1050 1084 1104 tannen
1102 1060 1170 1106 uon
1190 1051 1307 1105 essem
1323 1037 1449 1106 lacien-
1585 1038 1637 1104 Ex
1657 1037 1711 1103 his
1733 1059 1818 1124 quae
1841 1040 2001 1119 diximus,
2033 1038 2142 1107 facilis
2164 1053 2218 1108 est
2239 1045 2418 1130 responsio
2441 1050 2487 1115 de

464 1130 527 1197 dae
549 1127 686 1205 Missae,
721 1139 874 1214 tarrqmm
906 1125 941 1189 id
973 1145 1057 1210 opus
1080 1125 1123 1189 sit
1146 1126 1328 1212 gratiarum
1349 1126 1447 1193 aetio.
1499 1124 1598 1189 dietis
1619 1121 1765 1204 Patren,
1787 1126 1843 1211 qul
1864 1126 2005 1192 Missam
2026 1139 2150 1193 vocant
2171 1128 2383 1197 semilicium.
2412 1132 2486 1199 Pri·

463 1213 541 1281 Non
568 1213 672 1299 igitur
688 1210 816 1277 Missae
848 1227 1040 1275 communes
1074 1211 1221 1277 ordinari
1244 1224 1301 1277 ant
1322 1211 1448 1278 institui
1499 1230 1587 1275 muru
1608 1211 1695 1273 euim
1713 1230 1783 1274 aen
1805 1224 1918 1295 penest
1936 1212 2211 1292 manutenes
2232 1215 2300 1281 hoe
2318 1213 2487 1299 voluisse,

464 1312 617 1385 possunt,
641 1308 797 1385 tanquam
819 1296 1000 1384 gratiarum
1021 1298 1189 1376 actiones,
1210 1297 1273 1363 sed
1295 1308 1449 1363 servetur
1500 1296 1589 1381 quod
1611 1295 1719 1360 attera
1750 1297 1793 1361 ait
1810 1296 2016 1363 amiticiam
2037 1318 2081 1363 ex
2102 1319 2205 1383 opere
2219 1314 2368 1386 operato
2388 1303 2487 1371 asts

464 1385 648 1452 institutum
659 1381 796 1461 Christi,
818 1384 861 1446 sit
879 1382 1027 1448 minister
1047 1383 1238 1469 porrigens,
1260 1392 1294 1450 et
1314 1395 1449 1449 utantur
1498 1400 1578 1445 rens
1597 1382 1831 1447 remissionem
1853 1396 2069 1468 peccatorum
2089 1396 2124 1450 et
2208 1383 2374 1453 licendum
2391 1387 2485 1458 aliia.

462 1468 518 1540 alit
546 1471 764 1536 Sacramenta
776 1515 787 1547 ,
827 1489 888 1572 pro
921 1489 985 1534 sna
1017 1464 1259 1534 consolatione.
1312 1468 1351 1533 ln
1382 1466 1448 1533 hae
1499 1464 1564 1539 Qui
1585 1467 1636 1531 aie
1657 1466 1915 1553 interpretantur
1937 1469 2077 1549 Patres,
2097 1471 2248 1538 inlunem
2257 1470 2486 1542 illisfaeiantt

464 1554 729 1634 manducatione,
752 1554 1044 1642 gratiarumactio
1067 1551 1291 1622 etconsessio
1313 1556 1447 1642 agentis
1498 1550 1584 1618 Nara
1615 1550 1703 1617 haee
1733 1564 1889 1642 portenta
1939 1574 2055 1620 versas
2083 1557 2201 1642 ignota
2221 1555 2356 1625 fueram
2377 1563 2487 1629 veteri

463 1641 709 1730 poenitentiam,
743 1653 775 1705 et
805 1659 845 1708 se
868 1637 1155 1720 consolantis,‚fit
1175 1639 1375 1705 sacrificium
1398 1637 1446 1704 ni·
1496 1634 1691 1714 Ecclesiae,
1724 1639 1791 1703 ino
1822 1576 1950 1707 asfelt
1977 1642 2109 1726 quidem
2130 1663 2238 1730 usqae
2258 1646 2302 1709 ad
2331 1656 2488 1733 tempera

461 1725 646 1814 χαριστικὸν,
666 1728 741 1811 ipsa
763 1726 952 1791 ceremonia
972 1721 1445 1828 pnsaspnastaacrfficmm,
1497 1722 1653 1809 Gregorii
1685 1721 1791 1789 lllissa
1823 1726 1897 1789 sine
1937 1725 2177 1794 communione
2215 1727 2376 1816 plurium,
2421 1734 2487 1801 sed

463 1835 526 1881 nee
547 1812 820 1901 propitiatorium,
842 1831 905 1877 neo
926 1809 1142 1899 rigomarum.
1256 1828 1263 1842 ·
1496 1807 1684 1875 habebatur
1700 1811 1838 1875 statutis
1859 1811 1977 1878 diebus
1997 1833 2066 1878 una
2085 1816 2270 1881 mmmunia
2292 1836 2399 1882 coena
2421 1839 2488 1885 sen

1497 1895 1696 1974 ammonio,
1716 1896 1772 1960 ubi
1794 1893 1899 1975 multi,
1909 1909 2073 1984 quotquot
2084 1895 2252 1979 volebant,
2263 1900 2488 1971 naalm-

550 1982 605 2050 ‹ld
626 1982 825 2049 sententiam
852 1979 1026 2067 Epistulae
1059 1981 1103 2047 ad
1124 1977 1296 2062 Boream,
1329 1980 1446 2047 Omnis
1498 1982 1578 2045 bant
1595 2000 1718 2066 eorpus
1747 1991 1780 2045 et
1801 1983 1996 2069 sanguinem
2017 1982 2162 2051 Domini.
2196 1984 2488 2061 Quemadmodum

466 2066 620 2135 Pontifex
644 2082 708 2134 ete.
731 2068 937 2151 respondeo:
969 2066 1048 2152 lpse
1069 2079 1167 2134 autor
1187 2064 1359 2155 Epistulae
1379 2066 1447 2134 hoc
1496 2085 1540 2131 ne
1560 2064 1660 2131 hodie
1682 2067 1814 2153 quidem
1831 2067 2028 2135 tva-Graecis
2045 2068 2206 2137 Eculesiis
2228 2072 2323 2139 fiun?
2330 2075 2488 2158 privatae

464 2158 588 2222 dietum
609 2156 841 2220 accommodat
862 2155 1047 2219 adunicnm
1058 2151 1255 2220 Pontificem
1266 2151 1445 2232 liluistum,
1468 2203 1474 2264 Ι
1495 2150 1622 2218 Missae
1653 2151 1862 2240 singulorum
1896 2158 2119 2236 sacerdotum,
2153 2159 2216 2224 sed
2248 2160 2348 2224 unica
2372 2160 2486 2228 hiim

464 2241 737 2329 quemadmodum
771 2241 873 2306 verba
906 2259 992 2344 qnae
1019 2261 1095 2304 mox
1128 2249 1329 2324 sequuntur,
1363 2239 1446 2304 satis
1497 2238 1692 2304 communis.
1735 2239 1808 2306 Nee
1828 2236 1927 2322 laturi
1950 2254 2045 2307 erant
2068 2241 2187 2308 Patres
2209 2244 2308 2310 mtam
2327 2246 2484 2332 implete·

464 2327 662 2405 ostendunt,
696 2337 730 2391 et
762 2336 832 2391 tota
863 2322 1016 2411 Epistola
1048 2325 1089 2390 de
1123 2325 1314 2390 sacerdotio
1348 2324 1446 2392 unius
1497 2334 1564 2389 tem
1597 2336 1631 2389 et
1665 2323 1963 2410 prophanationem
1994 2329 2229 2395 sanctissimae
2255 2334 2483 2399 oereruoniae.

463 2411 637 2478 Pontificis
658 2409 786 2478 Christi
819 2413 1048 2478 concionatur.
1099 2408 1137 2476 Si
1170 2411 1245 2497 quis
1274 2410 1375 2497 igitur
1402 2430 1447 2476 ex
1496 2409 1621 2475 Postea
1642 2410 1773 2477 inscitia
1794 2420 1829 2475 et
1848 2414 2087 2496 superstitione
2108 2415 2318 2482 indoctorum
2342 2415 2483 2484 Poetili-

376 2563 380 2572 ,
463 2498 531 2564 hoc
563 2498 652 2565 dioto
685 2509 946 2582 argumentatur,
980 2507 1136 2581 oportere
1164 2497 1198 2563 in
1221 2517 1311 2562 novo
1331 2495 1447 2565 'l'esta-
1497 2515 1573 2561 cum
1594 2493 1880 2562 ethlonnohomm
1901 2499 2109 2566 introductae
2130 2512 2208 2566 sunt
2228 2501 2380 2587 privatae
2398 2501 2486 2571 iilis·

463 2595 575 2651 monto
609 2603 688 2649 esse
709 2582 921 2663 Pontificem,
955 2582 1011 2668 qni
1043 2581 1160 2648 offerat
1192 2582 1359 2649 sacrificia
1383 2601 1446 2669 pro
1496 2601 1572 2661 sae,
1589 2582 1647 2670 qui
1668 2601 1710 2646 ex
1730 2580 1818 2647 male
1846 2581 2017 2651 intellecto
2039 2583 2205 2652 vocabulo
2226 2587 2398 2669 sacrificii,
2420 2588 2487 2656 lin-

463 2671 623 2758 peccatis,
646 2669 896 2735 eoncedendum
914 2680 968 2734 est
985 2680 1218 2757 argumentum
1241 2670 1284 2733 de
1297 2666 1445 2749 Christo,
1469 2723 1471 2726 .
1496 2677 1615 2733 xerunt
1634 2665 1773 2733 Missam
1794 2687 1873 2734 esse
1895 2668 1963 2737 tale
1985 2691 2090 2756 opus,
2117 2673 2208 2759 quod
2240 2685 2408 2742 mereatur
2430 2693 2486 2742 re·

464 2759 506 2823 de
527 2778 594 2843 quo
619 2751 694 2821 solo
716 2752 863 2840 loquitur
883 2751 1034 2842 Epistola
1055 2753 1099 2819 ad
1121 2751 1284 2820 Ehraeos.
1496 2753 1688 2818 missionem
1710 2750 1830 2839 culpes
1852 2767 1885 2820 et
1906 2775 2048 2842 poenae,
2069 2769 2105 2823 et
2120 2768 2374 2825 attenuemnto
2399 2762 2485 2828 lnio-

1227 2911 1233 2922 Ι
1483 2858 1573 2903 -nam
1604 2839 1647 2903 do
1675 2858 1778 2924 opere
1801 2854 1951 2926 operato.
1995 2841 2087 2909 llaec
2108 2845 2219 2929 opinio
2240 2847 2333 2910 auxit
2390 2848 2485 2913 isses

551 2923 647 2994 Solet
669 2926 769 2993 etiam
792 2925 885 2991 citari
906 2923 1005 2990 locus
1022 2920 1210 2992 Malachiae
1227 2927 1250 2992 1.
1294 2922 1349 2993 ab
1371 2935 1444 2992 ortu
1495 2925 1530 2988 in
1552 2923 1734 2990 infinitumt
1758 2937 1791 2991 et
1808 2928 1983 3011 ›quia-erat
2003 2948 2061 2994 res
2082 2929 2127 2994 ad
2147 2928 2307 3017 populum
2328 2933 2485 3000 vendibi-

463 3011 547 3082 solis
569 3033 675 3098 nsque
697 3012 740 3076 ad
762 3032 931 3089 oceasum,
952 3033 984 3078 m
1030 3030 1108 3076 num
1128 3022 1180 3076 est
1202 3030 1324 3077 nomen
1339 3030 1447 3079 meum
1495 3006 1550 3089 lis,
1574 3011 1683 3095 eoepit
1702 3013 1856 3096 prostitui
1873 3013 1917 3078 ad
1938 3025 2126 3101 quaenam

462 3101 496 3166 in
520 3099 686 3188 gentihus.
730 3095 790 3182 Et,
824 3097 859 3165 in
891 3097 980 3162 omni
1027 3115 1089 3161 ooo
1116 3096 1288 3165 incensum
1307 3095 1447 3163 offertur

318 3265 320 3270 ,
430 3181 432 3184 ’
462 3185 587 3255 nomini
618 3203 707 3262 meo,
740 3194 774 3248 et
807 3181 931 3250 oblatio
965 3181 1096 3250 mnam.
1146 3180 1218 3247 Etsi
1250 3193 1360 3250 autem
1391 3183 1447 3249 hie
1580 3176 1667 3245 Oura
1683 3202 1771 3271 ergo
1792 3179 1912 3248 Patres
1928 3181 2067 3250 Missam
2088 3204 2150 3251 son
2172 3206 2381 3254 eorumunem
2403 3208 2485 3255 coc·

399 3321 403 3328 .
465 3270 563 3340 locus
586 3267 753 3375 violepter
775 3270 993 3372 detorquetur
1013 3269 1057 3336 ad
1073 3266 1231 3347 Missam,
1264 3279 1372 3373 tamen
1395 3290 1446 3336 re·
1496 3264 1718 3334 narn-Domini
1735 3278 1791 3349 (ut
1801 3272 2101 3375 tuncsarvahattn)
2123 3273 2485 3379 vocoantsacriiioinm,

462 3357 625 3512 {tisis
636 3355 782 3521 llil?
789 3353 918 3508 tiis
919 3372 1027 3506 ²3:12⁹
1043 3352 1447 3528 lstztflsitihlt}
1495 3353 1843 3507 sihtfflsish
1864 3352 2487 3531 ilnlititit‘l’tsshlt',
2582 3515 2584 3536 ,

464 3530 555 3615 quod
576 3526 683 3594 Missa
701 3540 869 3595 mereatur
891 3527 1121 3594 remissionem
1142 3537 1368 3611 peecatorum,
1388 3537 1447 3594 aut
1538 3525 1677 3591 atlarum
1694 3528 1899 3594 notionesen
1916 3530 2079 3595 memoria
2101 3529 2258 3597 sacrificii
2276 3549 2341 3597 seu
2359 3534 2487 3599 monis

462 3616 506 3682 sit
528 3635 614 3699 opus
635 3632 822 3688 commune,
843 3612 894 3678 sic
915 3608 1112 3691 laciendum,
1131 3624 1288 3699 tanqnam
1299 3632 1446 3678 ceremo·
1527 3610 1632 3675 hristi.
1676 3612 1733 3679 Sic
1754 3614 1801 3679 ait
1823 3611 2085 3701 Chrysostonms
2107 3616 2140 3679 ln
2161 3618 2270 3701 capite
2291 3636 2384 3684 nouo
2401 3617 2437 3683 E

462 3701 518 3769 nia
550 3701 594 3765 sit
622 3719 683 3783 per
704 3716 744 3762 se
766 3699 947 3787 gratiarum
969 3697 1069 3763 actio.
1113 3698 1288 3766 Secundo:
1331 3697 1447 3765 Verba
1496 3693 1604 3762 stolae
1625 3699 1669 3761 ad
1691 3696 1860 3778 Ehraeos,
1892 3721 1967 3766 enm
1989 3701 2129 3767 dixisset
2155 3721 2219 3767 nos
2241 3722 2302 3786 per
2323 3704 2376 3767 sin
2443 3725 2485 3772 os

462 3784 651 3872 Prophetae
683 3785 863 3850 ostendunt
894 3803 969 3852 eum
1000 3779 1093 3869 loqui
1126 3783 1168 3848 de
1199 3782 1446 3867 praedicatione
1496 3782 1568 3846 dies
1591 3780 1713 3848 asem
1734 3803 1866 3869 semper
1888 3786 1921 3850 id
1942 3787 2065 3871 ipsnmz
2099 3785 2172 3852 lloo
2195 3789 2287 3872 qnod
2308 3809 2375 3855 nos
2398 3787 2486 3856 lad·

461 3868 636 3958 Evangelii
669 3880 702 3938 et
734 3870 826 3936 veris
849 3866 996 3936 cultibus
1017 3869 1097 3934 novi
1117 3865 1337 3947 Testamenti,
1370 3890 1447 3936 cum
1468 3836 1474 3935 l
1496 3886 1582 3945 mus,
1604 3869 1638 3932 in
1660 3873 2004 3938 commemorationem
2035 3873 2166 3959 quidem
2199 3875 2271 3939 elas
2302 3872 2358 3955 ht,
2388 3876 2487 3961 quod

460 3951 1138 4127 1111311ῐῖ1115113111111
1156 3954 1446 4127 exiiens
1495 3951 1604 4125 isit
1625 3950 1758 4126 its
1778 3956 2486 4131 attinshiiilttilithsil

461 4130 551 4215 quod
584 4064 772 4192 insolescat
799 4137 834 4193 et
855 4124 1060 4215 glorificetur
1082 4123 1188 4191 Deras.
1232 4126 1324 4192 llaec
1340 4086 1445 4211 ’prae-
1496 4123 1650 4191 sacriticii
1672 4145 1878 4194 eaereemus.
1919 4090 2194 4217 'FatAugustinns
2211 4130 2273 4196 lib.
2297 4131 2350 4196 lt).
2368 4131 2414 4197 de
2437 4133 2485 4199 ci·

462 4216 586 4282 dicatio
607 4209 782 4300 Evangelii
815 4214 858 4278 de
891 4213 1118 4278 misericordia
1139 4209 1205 4278 Dei
1236 4214 1322 4297 parit
1343 4212 1445 4279 tidem
1497 4214 1598 4277 vitate
1626 4210 1691 4277 Dei
1714 4234 1784 4297 cap.
1814 4213 1846 4278 5.
1887 4214 1991 4289 Quod
2011 4218 2056 4281 ab
2078 4214 2266 4283 hominihus
2288 4215 2486 4303 appellatur

461 4302 495 4366 in
517 4301 675 4366 cordibus
699 4320 830 4378 amum,
859 4300 920 4384 qni
951 4299 1118 4384 aocipinnt
1139 4296 1377 4384 Evangeliam,
1408 4297 1446 4361 hi
1495 4295 1709 4377 sacrificium,
1730 4300 1862 4386 signum
1884 4313 1938 4367 est
1960 4302 2030 4368 reri
2051 4301 2285 4370 sanationem
2308 4304 2366 4369 Ad
2386 4301 2484 4370 hunc

370 4431 374 4440 -
461 4397 636 4474 praestant
658 4404 760 4451 veros
783 4382 905 4463 cultus,
927 4386 984 4470 qni
1005 4394 1083 4449 sant
1103 4384 1243 4468 primum
1263 4382 1445 4468 ipsafides,
1495 4384 1629 4449 modum
1651 4380 1797 4470 loquitur
1817 4398 1852 4451 et
1872 4384 2081 4453 lamnarum
2102 4389 2139 4454 la'
2158 4390 2348 4456 sententiis:
2392 4386 2484 4457 lllud

462 4472 582 4539 deinde
603 4472 789 4550 invocatio,
812 4491 875 4538 con
892 4471 1000 4549 casio,
1047 4470 1205 4534 ratiarum
1227 4471 1334 4549 aetio,
1365 4471 1444 4534 obe·
1494 4467 1586 4558 quod
1607 4467 1746 4536 offertur
1766 4483 1800 4536 et
1822 4484 2042 4539 consecratur
2062 4495 2082 4540 a
2105 4475 2299 4555 sacerdote,
2332 4485 2484 4552 vocetur

460 4559 583 4623 dientia
602 4559 637 4624 in
658 4555 895 4623 affliohoaihas
915 4568 980 4622 etc.
1038 4566 1073 4619 ta
1094 4550 1302 4641 glorificatur
1323 4575 1443 4620 nomen
1494 4554 1695 4636 scantiniam
1709 4561 1751 4622 ‘et
1767 4555 1905 4638 oblatio,
1937 4560 2015 4646 quia
2036 4570 2090 4625 est
2108 4562 2267 4626 memoria
2290 4573 2324 4626 et
2340 4563 2482 4666 reprae-

376 4697 379 4704 .
460 4644 536 4711 Dei.
579 4642 623 4709 Et
653 4642 739 4710 haee
772 4656 851 4710 sant
884 4640 1009 4709 oblatio
1042 4641 1180 4718 munda,
1213 4642 1245 4706 id
1268 4656 1339 4721 est,
1372 4642 1444 4707 veri
1493 4642 1636 4708 scando
1669 4644 1740 4708 veri
1772 4644 1928 4711 sacrificii
1952 4655 1991 4711 et
2012 4657 2150 4713 unctae
2169 4645 2408 4713 immolationis
2431 4643 2482 4714 l'e·

461 4727 572 4836 pultus
593 4731 649 4815 qui
672 4742 797 4796 tantum
819 4741 1031 4815 praestantur
1045 4729 1089 4794 ab
1112 4728 1165 4805 iis,
1186 4729 1444 4832 quorum-corda
1494 4737 1581 4807 ctae,
1603 4715 1637 4792 ir'r
1658 4748 1718 4795 ara
1735 4730 1857 4797 crucis.

459 4811 1443 4986 ¹sella'Eglaelag'llrlffilntnellln’illaesolceulstllslls'lgnillilael'll:
1579 4895 1658 4964 Aila
1701 4912 1756 4966 tur
1786 4910 1820 4965 et
1847 4867 2042 4968 Tertulliani
2072 4851 2241 4989 quoddam
2272 4901 2403 4970 dictam
2433 4922 2480 4970 ex

460 5010 598 5055 sensum
631 5000 665 5052 et
697 4986 840 5068 oblatio,
872 5009 941 5054 non
969 4984 1134 5074 significat
1156 4986 1378 5051 ceremoniam
1397 5005 1442 5051 ex
1492 4981 1580 5050 liluo
1602 4987 1644 5052 de
1707 5005 1789 5049 rena
1810 4984 1934 5068 militis,
1956 4990 2000 5053 ibl
2021 4989 2139 5075 inquita
2161 4987 2267 5055 Etiam
2284 4987 2479 5057 oblationes

460 5095 563 5162 opere
593 5085 735 5160 operato
762 5074 835 5139 sine
860 5072 927 5139 lide
957 5086 993 5140 et
1024 5073 1139 5139 notitia
1160 5068 1235 5135 Det.
1278 5071 1444 5150 Breviter,
1517 5093 1555 5136 ro
1574 5068 1767 5153 defunctis,
1798 5093 1860 5157 pro
1893 5070 2048 5139 natalitiis
2080 5095 2192 5142 annua
2230 5076 2288 5141 die
2319 5072 2479 5142 fam

461 5180 682 5249 quaecunque
713 5160 804 5225 diota
836 5160 1070 5246 exscriptore
1102 5153 1304 5244 colliguntur
1325 5161 1368 5224 de
1388 5178 1442 5224 aa·
1493 5093 1557 5223 flio
1578 5155 1676 5222 locus
1698 5158 1796 5242 impie
1818 5159 2032 5309 detorpuetur
2052 5160 2097 5225 ad
2113 5160 2252 5227 hlissam
2296 5180 2336 5225 ro
2359 5158 2478 5229 defun·
2511 5207 2515 5212 -

460 5247 606 5325 orificiis,
629 5267 764 5333 semper
784 5246 852 5311 hoe
874 5246 1133 5324 meminerimus,
1166 5264 1208 5310 ea
1228 5240 1310 5314 nihil
1331 5255 1443 5332 patro·
1493 5244 1568 5309 otis.
1612 5242 1689 5309 Non
1710 5246 1797 5308 etaim
1818 5246 1897 5309 dicit
1946 5241 2141 5312 ertulilanns
2162 5267 2248 5332 opus
2307 5248 2401 5313 issae
2425 5268 2478 5314 es·

460 5334 565 5401 cinari
587 5331 749 5400 oblationi
766 5327 828 5397 se'u
849 5329 1062 5417 applicationi
1080 5331 1191 5418 operis
1202 5332 1341 5418 operati,
1355 5352 1442 5419 qnae
1492 5349 1531 5395 se
1563 5326 1765 5395 oblationem
1821 5348 1860 5395 ro
1881 5332 2039 5412 mortuis,
2070 5351 2157 5418 quaa
2188 5333 2330 5398 redimat
2362 5351 2428 5399 eos
2457 5355 2480 5400 a

459 5415 569 5510 palam
590 5416 859 5507 methaphoris
879 5429 915 5485 et
930 5414 1148 5485 idololatriae.
1490 5416 1608 5501 poenis
1630 5426 1695 5480 ete.
1717 5435 1783 5480 nec
1796 5351 1856 5481 lie
1871 5414 2020 5502 loquitur
2040 5420 2083 5483 de
2102 5437 2211 5484 neena
2231 5416 2385 5499 Domini,
2412 5420 2478 5486 sed

1491 5502 1525 5567 in
1546 5502 1666 5568 diebus
1682 5498 1849 5569 natalibus
1871 5515 1905 5568 et
1929 5500 2095 5584 lunam,
2117 5500 2272 5572 solebant
2292 5503 2410 5572 afferri
2432 5507 2477 5575 ei·
