5892 6709
463 660 530 729 tce

471 852 570 917 animi
593 846 692 915 simul
713 850 755 914 de
775 847 970 913 lilediatoris
991 848 1232 914 intercessione
1254 859 1288 912 et
1309 848 1353 914 de
1373 863 1451 934 pro·

465 938 682 1004 missionibus
705 933 1004 1000 commonelierent.
1298 953 1300 958 ·

550 1056 708 1122 Testatur
730 1067 763 1121 et
779 1054 866 1121 haec
887 1056 961 1143 ipsa
972 1052 1251 1141 SymboliNiceni
1268 1045 1449 1140 professio,

465 1142 656 1211 Ecclesiam
679 1154 758 1208 tnnc
780 1144 885 1207 verba
907 1139 1030 1206 Christi
1052 1141 1094 1205 de
1112 1139 1236 1226 Spiritu
1257 1150 1375 1205 sancto
1399 1140 1450 1204 sio

466 1228 676 1309 intellixisse,
698 1240 734 1294 ut
750 1227 931 1293 adfirmarit
942 1226 1260 1310 Spirimmsanctum
1271 1245 1450 1312 personam

467 1336 555 1383 csse.
599 1315 642 1379 Et
673 1316 725 1379 sic
754 1315 911 1378 docuisse
944 1315 1105 1398 probatos
1134 1314 1291 1378 doctores
1313 1307 1450 1377 manile·

467 1414 554 1467 stum
576 1401 642 1479 est,
662 1411 700 1466 ιιι
722 1402 768 1466 ait
789 1399 1004 1484 Epiphanius.
1052 1398 1253 1486 Unigenitus
1274 1397 1377 1464 Filius
1400 1393 1449 1464 ef·

466 1488 535 1554 licit
552 1488 661 1552 omnia
684 1507 760 1550 cum
770 1486 882 1564 Patre,
904 1507 973 1550 non
995 1481 1105 1551 solurn
1126 1495 1234 1551 autem
1245 1482 1362 1564 Filius,
1385 1485 1448 1550 sed

427 1601 429 1606 ¹
465 1585 499 1639 et
530 1575 673 1657 Spiritus
708 1583 845 1638 sanctus
880 1570 981 1637 efficit
1024 1574 1135 1636 omnia
1166 1592 1241 1638 cum
1273 1570 1374 1639 Patre
1414 1580 1448 1639 et

464 1657 560 1739 Filio,
583 1672 616 1724 et
637 1657 798 1741 ὁμοοιῐσιος
819 1669 873 1723 εει
893 1658 985 1723 Patri
1006 1670 1041 1722 et
1060 1655 1158 1722 Filio.

550 1778 593 1845 Et
603 1769 753 1844 Basilius
775 1776 887 1844 multis
909 1779 1043 1861 scriptis
1066 1773 1250 1842 defendens
1272 1777 1466 1845 bonesen·

466 1868 600 1930 tentiam
624 1885 710 1950 qnae
731 1864 765 1928 in
776 1863 938 1951 Symbolo
961 1865 1112 1943 traditur,
1133 1864 1239 1949 inquit
1258 1865 1291 1929 in
1304 1865 1448 1950 quadam

465 1950 633 2035 Epistola:
678 1950 820 2036 Oportet
852 1971 917 2016 nos
951 1951 1112 2035 baptizari
1135 1951 1223 2016 sicut
1244 1951 1446 2036 accepimus,

466 2036 612 2104 Credere
634 2049 743 2103 autern
765 2039 852 2102 sicut
873 2039 1098 2124 baptizamur,
1126 2035 1317 2125 glorificare
1337 2052 1447 2104 antem

465 2124 553 2189 sicut
574 2123 751 2202 credimus,
773 2123 918 2203 Putrem,
941 2135 974 2188 et
995 2120 1124 2201 Filium,
1146 2134 1179 2187 et
1191 2123 1347 2208 Spiritum
1369 2145 1447 2190 san·

467 2222 567 2289 ctum,
590 2206 709 2295 fugere
731 2221 841 2274 autem
861 2222 899 2275 ιιι
919 2207 1030 2295 palam
1051 2207 1279 2293 blasphemos,
1307 2231 1368 2276 eos
1390 2231 1447 2297 qut

465 2297 621 2380 Spiritum
643 2307 795 2361 sanctum
811 2297 904 2361 aiunt
925 2309 1112 2361 creaturam
1134 2315 1222 2361 esse.

550 2414 705 2501 Denique
727 2427 839 2482 extant
858 2414 984 2482 multae
1004 2415 1127 2502 planae
1142 2427 1292 2483 veterum
1314 2419 1357 2482 de
1378 2418 1444 2485 hoc

465 2501 603 2567 articulo
638 2506 830 2583 conciones,¹
859 2523 945 2589 quae
972 2503 1029 2567 hic
1062 2504 1189 2589 integre
1222 2505 1356 2570 recitari
1377 2524 1445 2570 non

463 2601 618 2674 possunt.
663 2587 845 2675 Legendae
877 2601 988 2654 tamen
1020 2600 1099 2653 sunt
1130 2587 1280 2675 aliquae,
1312 2602 1348 2656 ιιι
1381 2612 1445 2666 nos

464 2678 558 2760 ipsos
591 2674 824 2740 confirmemus
856 2674 976 2740 borum
997 2695 1098 2752 voce,
1128 2677 1182 2760 qni
1204 2678 1246 2741 ab
1270 2673 1445 2760 Apostolis

466 2762 651 2826 doctrinam
686 2773 899 2844 acceperunt,
933 2773 966 2826 et
987 2762 1094 2826 ornati
1116 2774 1194 2827 sunt
1214 2783 1235 2827 a
1256 2761 1332 2829 Deo
1354 2766 1445 2830 testi·

464 2849 583 2911 moniis
605 2844 848 2912 miraculorum.

1060 755 1069 766 ,-
1100 654 1215 724 ran.
1236 653 1342 723 uua
1363 653 1556 766 semem
1571 652 1851 725 noamnca
1876 661 1892 760 '.

1436 2212 1445 2231 ·
1497 2186 1634 2250 mittitur
1655 2186 1690 2250 in
1713 2185 1835 2264 corda,
1868 2186 1961 2251 utin
1981 2187 2080 2250 nobis
2102 2206 2207 2252 accen

1502 844 1566 909 sibi
1589 841 1958 930 copulant-Ecclesiam
1978 863 2084 913 ειιειιι.
2126 843 2191 914 Εει
2216 858 2327 914 tutan
2347 866 2445 916 emor
2464 869 2489 920 ι

1503 929 1688 1011 voluntate,
1710 942 1746 996 ut
1768 942 1912 997 constat.
1945 930 1991 997 Et
2010 951 2133 999 sensns
2155 930 2263 1000 osculi
2280 930 2393 1020 aliquo
2414 955 2488 1002 mo·

1502 1018 1546 1082 do
1565 1015 1650 1082 haec
1667 1018 1852 1084 adumbrat.
1896 1016 1934 1083 ln
1962 1015 2082 1084 osculo
2103 1017 2247 1085 hominis
2270 1040 2351 1085 vero
2378 1031 2413 1086 ει
2434 1041 2489 1088 ar·

1502 1104 1602 1183 denti,
1624 1101 1767 1186 Spiritus
1790 1124 1832 1169 ex
1851 1104 1953 1170 corde
1975 1102 2164 1185 exhalatur,
2196 1107 2294 1194 quasi
2315 1101 2488 1174 uansfnn·

1501 1189 1584 1254 dens
1607 1208 1764 1256 amorem.
1809 1188 1860 1254 lta
1869 1188 1965 1256 Deus
1986 1210 2132 1257 amorem
2153 1192 2188 1257 in
2210 1211 2275 1258 nos
2296 1211 2394 1259 suum
2414 1191 2488 1282 spi·

1499 1276 1566 1342 ritu
1587 1295 1650 1342 suo
1672 1273 1925 1356 transfundens,
1946 1297 2011 1344 nos
2031 1278 2077 1343 ad
2097 1298 2137 1345 se
2157 1279 2253 1366 rapit.

1547 1650 1610 1717 DE
1631 1649 1812 1718 DUPLlGl
1832 1649 2095 1719 Dlscttmnta
2110 1650 2432 1719 sansonem.
2510 1687 2514 1692 ·

1586 1815 1671 1905 Sunt
1703 1849 1814 1906 antmn
1834 1837 1994 1928 'duplicia
2027 1841 2218 1907 discrimina
2250 1830 2483 1932 personprnm.

1499 1924 1576 1991 Alia
1598 1925 1676 1993 su‘nt
1697 1926 1868 2007 interiora,
1889 1938 1926 1992 ut
1937 1928 2088 2015 gignere,
2109 1929 2218 2008 nasci,
2240 1931 2483 2014 etprocedero.

1498 2010 1576 2077 Alia
1608 2023 1688 2079 sunt
1720 2034 1741 2076 a
1773 2013 1948 2080 beneficiis
1981 2033 2063 2100 erga
2090 2010 2278 2080 Ecclesiam
2299 2026 2424 2096 sumta,
2445 2025 2486 2084 ut

1497 2096 1600 2164 Filius
1622 2120 1683 2184 pro
1702 2100 1800 2165 nobis
1822 2100 1935 2166 factus
1957 2109 2011 2165 cst
2027 2099 2172 2179 victima,
2185 2099 2484 2252 Spiritussanetps

2231 2197 2266 2251 at
2285 2208 2410 2252 novam
2446 2208 2484 2256 u·

1497 2290 1570 2335 cem
1603 2282 1636 2336 et
1667 2271 1836 2338 iustitiam.
1885 2271 1959 2337 Etsi
1990 2282 2099 2337 autem
2131 2283 2272 2358 utraque
2289 2273 2485 2342 discriruim

1496 2355 1608 2442 aliquo
1631 2361 1731 2423 modo
1754 2359 1913 2445 cognosci
1936 2368 2155 2437 necesseest,
2174 2356 2484 2445 tamenhaecquso

1497 2444 1540 2508 ab
1564 2440 1685 2509 olfieiis
1707 2455 1893 2524 sumuntur,
1910 2444 2018 2530 magis
2031 2445 2214 2530 conspicua
2225 2456 2315 2524 sunt,
2337 2465 2483 2533 quorum

1496 2530 1654 2614 cogitatio
1675 2530 1749 2614 pias
1771 2542 1901 2596 mentes
1924 2527 2117 2596 consolatur
2135 2541 2169 2596 et
2181 2530 2367 2597 confirmat.
2390 2530 2482 2606 Qua·

1497 2636 1534 2680 re
1565 2618 1706 2699 prodest
1737 2638 1778 2682 aa
1810 2620 1843 2683 in
1865 2618 2076 2682 invocatione
2097 2617 2214 2703 aspici,
2248 2628 2282 2683 et
2303 2637 2409 2704 saepo
2428 2637 2481 2684 re·

1498 2703 1601 2767 citari.
1991 2704 2016 2720 ’“

1583 2820 1635 2887 Sit
1665 2823 1766 2908 igitur
1786 2818 1895 2888 sorma
1923 2824 2102 2907 seiungens
2124 2834 2274 2888 nostram
2295 2823 2481 2890 invocatio·

1496 2927 1572 2974 nem
1594 2909 1636 2972 ab
1660 2908 1805 2989 ethnica,
1827 2908 1980 2988 Tamion,
2001 2910 2146 2987 Iudaica,
2157 2920 2214 2975 ut·
2227 2929 2330 2993 saepe
2353 2909 2479 2978 dictum

1423 3017 1425 3022 ’
1497 3006 1560 3073 εει,
1583 2995 1710 3059 directa
1731 2995 1776 3060 ad
1798 2994 1886 3061 hune
1904 3018 2019 3062 verum
2040 2992 2163 3074 Deum,
2185 2996 2301 3080 quise
2324 2994 2483 3079 patefecit

550 3104 733 3190 Postquam
752 3105 851 3189 igitur
873 3104 997 3169 dictum
1019 3115 1082 3184 est,
1106 3115 1176 3169 tres
1193 3126 1270 3170 esse
1280 3127 1446 3192 personas

468 3192 659 3273 divinitatis,
691 3191 882 3256 disrrimina
905 3191 1032 3256 erudite
1054 3192 1319 3258 considerentur.
1383 3194 1447 3259 Pa·

467 3288 518 3341 ter
540 3299 607 3341 non
630 3280 792 3342 nascitur.
833 3275 950 3356 Filius,
973 3278 1038 3342 etsi
1060 3289 1259 3343 coaeternus
1283 3290 1333 3343 est
1344 3281 1447 3360 Patri,

466 3373 578 3427 tamen
600 3366 733 3449 genitus
756 3374 819 3440 est,
841 3374 874 3427 et
896 3376 949 3429 est
965 3365 1075 3450 imago
1086 3366 1213 3428 aeterni
1224 3365 1345 3431 Patris.
1374 3368 1448 3452 Spi-

465 3451 551 3514 ritus
571 3461 722 3513 ‘sanctus
753 3451 905 3534 procedit
937 3450 1080 3516 aPatre
1102 3463 1136 3514 et
1156 3449 1250 3515 Filio.
1294 3453 1367 3519 Hae
1388 3476 1447 3541 ap·

450 3532 665 3620 pellationes
688 3547 804 3600 extant
823 3537 858 3600 in
880 3539 1090 3603 sermonibus
1113 3534 1247 3602 Christi.

550 3655 619 3719 Sed
639 3653 696 3719 hie
717 3668 856 3740 quaerat
877 3655 1008 3741 aliquis,
1030 3655 1108 3741 quid
1129 3657 1260 3722 intersit
1282 3660 1367 3724 inter
1387 3681 1447 3725 na·

464 3741 515 3807 sci
537 3752 571 3806 et
591 3742 794 3826 procedere?
837 3741 909 3806 Etsi
940 3742 1105 3807 exhauriri
1126 3740 1211 3807 haec
1233 3766 1358 3810 arcana
1379 3767 1447 3812 non

463 3837 622 3977 possunt,
655 3838 765 3893 tamen
788 3827 978 3914 significare
996 3829 1173 3914 discrimen
1197 3827 1284 3897 filius
1302 3832 1367 3899 Dei
1388 3855 1447 3898 vo·

477 3914 535 3993 uit,
558 3924 590 3977 et
610 3935 820 4000 nequaquam
843 3916 914 3980 eius
936 3935 1048 3981 sermo
1070 3919 1246 3982 mutandus
1270 3930 1331 3984 est.
1355 3918 1447 3985 Usus

462 4012 515 4065 est
536 4009 647 4065 autern
668 3998 843 4066 vocabulis
867 4000 1038 4080 humanis,
1072 4006 1169 4088 quasi
1191 4006 1360 4072 deducens
1382 4027 1447 4071 nos

461 4088 505 4152 ad
528 4087 754 4171 aspectionem
776 4100 919 4153 naturae
939 4089 1094 4169 hominis,
1116 4104 1152 4155 ut
1173 4092 1249 4157 inde
1268 4091 1446 4160 similitudo

462 4183 497 4238 et
516 4176 635 4238 umbra
656 4183 854 4242 sumeretur.

548 4326 635 4392 Sunt
663 4339 775 4393 autern
800 4329 835 4391 in
857 4329 966 4393 anima
987 4327 1131 4395 hominis
1160 4333 1246 4396 duae
1267 4332 1447 4419 praecipue

462 4414 642 4515 potentiae,
666 4409 862 4500 Intelligens
885 4425 918 4480 et
939 4412 1079 4480 Volens.
1109 4415 1303 4505 Intelligens
1325 4416 1447 4486 format

462 4500 635 4583 imagines,
657 4513 694 4565 ut
717 4502 849 4586 quoties
872 4501 914 4566 de
936 4505 1045 4569 amico
1068 4507 1210 4590 cogitas,
1239 4508 1350 4573 statim
1372 4507 1445 4572 eius

462 4584 640 4670 imaginem
672 4588 706 4651 in
738 4600 849 4653 mente
876 4590 972 4673 quasi
993 4590 1114 4678 pingis.
1158 4588 1313 4658 Volentis
1334 4604 1446 4659 autem

461 4674 629 4752 potentiae
650 4685 728 4738 sunt
745 4695 850 4752 amor,
875 4676 997 4755 odium,
1020 4688 1054 4741 ct
1074 4674 1129 4742 alii
1140 4675 1303 4758 adfectus,
1323 4692 1358 4745 et
1369 4700 1445 4749 cum

461 4752 528 4821 hac
551 4756 740 4842 copulatum
763 4762 869 4825 estin
892 4758 1024 4828 homine
1047 4783 1118 4843 cor,
1142 4766 1232 4851 quod
1254 4767 1361 4852 gignit
1378 4769 1444 4853 spi·

461 4841 557 4993 pituS,
580 4846 636 4929 qui
656 4858 736 4911 sunt
752 4848 946 4916 incitatores
964 4847 1144 4931 actionum,
1159 4863 1317 4932 motuum,
1340 4865 1373 4919 et
1394 4851 1443 4918 as·

475 4940 615 4997 ectuum.

548 5086 596 5152 Sit
617 5086 719 5172 igitur
742 5085 808 5152 hoc
829 5089 1006 5156 discrimen
1029 5093 1117 5156 inter
1138 5091 1242 5159 Nasci
1265 5105 1300 5159 et
1320 5092 1443 5160 Proce-

463 5172 554 5237 dere.
581 5172 697 5253 Nasci,
719 5184 772 5241 est
793 5194 813 5237 c
834 5179 981 5262 potentia
1001 5176 1217 5266 intelligente,
1240 5181 1319 5268 quia
1338 5179 1443 5248 Filius

463 5277 504 5321 co
529 5259 664 5326 'tatione
685 5258 853 5341 nascitur,
879 5273 913 5327 et
934 5275 986 5328 est
1008 5266 1072 5331 ima
1098 5269 1255 5351 opatris.
1299 5267 1345 5332 At
1365 5289 1443 5353 pro-

462 5364 502 5408 ce
526 5366 601 5426 ere,
624 5359 677 5439 cst
699 5369 720 5413 a
741 5344 933 5428 voluntate,
969 5353 1045 5436 qnia
1066 5289 1209 5437 §pintus
1232 5367 1369 5420 sanctus
1392 5367 1444 5420 est

1496 3082 1530 3148 in
1552 3078 1706 3146 Ecclesia
1728 3082 1827 3147 certis
1849 3083 2058 3159 testimoniis,
2082 3081 2172 3145 edita
2192 3082 2427 3168 promissione,
2448 3092 2483 3148 et

1497 3167 1601 3231 misso
1623 3164 1706 3232 Filio
1728 3186 1792 3232 suo
1825 3165 1970 3233 Domino
1993 3178 2108 3231 nostro
2132 3167 2207 3232 lesu
2219 3167 2355 3232 Christo
2374 3168 2482 3236 cruci·

1498 3253 1567 3317 lixo
1590 3274 1652 3335 pro
1672 3254 1783 3333 nobis,
1818 3265 1852 3320 et
1873 3256 2086 3321 resuscitato.
2142 3253 2239 3319 liano
2260 3255 2428 3320 intueatur
2448 3264 2483 3322 et

1497 3337 1688 3424 alloquatur
1710 3359 1822 3419 mens,
1852 3352 1885 3405 et
1906 3351 2031 3405 statuat
2051 3360 2133 3405 vere
2154 3360 2218 3405 nos
2240 3340 2345 3425 recipi
2367 3351 2403 3407 et
2423 3359 2479 3406 ex·

1497 3426 1615 3502 audiri,
1643 3427 1841 3492 invocantes
1872 3428 1961 3492 hunc
1985 3448 2102 3491 verum
2123 3426 2243 3507 Deum,
2278 3446 2355 3492 cum
2376 3425 2484 3494 cradi·

1498 3533 1572 3576 mus
1596 3533 1660 3576 nos
1682 3514 1785 3597 recipi
1807 3525 1943 3598 propter
1964 3510 2082 3577 Filium
2104 3511 2340 3592 Mediatorem,
2369 3525 2404 3578 et
2424 3531 2481 3599 pe·

1499 3607 1548 3661 tat
1570 3599 1676 3663 corda
1696 3611 1815 3663 nostra
1837 3598 2000 3678 consilia,
2028 3609 2062 3663 et
2089 3602 2239 3664 actiones
2260 3620 2278 3663 r
2323 3599 2333 3662 i
2356 3597 2484 3685 Spiritu

1498 3691 1617 3749 sancto
1650 3685 1853 3767 procedente
1877 3687 1919 3749 ab
1942 3697 2078 3751 aeterno
2101 3687 2214 3766 Patre,
2248 3697 2282 3751 et
2318 3682 2389 3752 'illo
2412 3685 2484 3751 Do·

1498 3772 1587 3835 mino
1610 3781 1728 3836 nostro
1749 3771 1826 3836 lesu
1848 3769 1996 3836 Christo.
2018 3800 2022 3806 ·
2514 3793 2517 3800 ⁴

1584 3889 1620 3954 ln
1644 3888 1701 3956 tali
1722 3892 1913 3978 precatione
1934 3912 1999 3957 nos
2027 3892 2093 3979 ipsi
2122 3894 2164 3958 de
2185 3893 2292 3960 tribus
2314 3891 2484 3978 personis,

1498 3988 1533 4042 et
1566 3996 1678 4043 earum
1713 3977 1883 4043 beneficiis
1908 3976 2312 4058 commonefaciamus,et
2334 3980 2485 4044 sciamus

1496 4061 1606 4130 Deum
1629 4076 1721 4128 recte
1743 4064 1794 4128 sic
1814 4064 1976 4144 invocari,
2000 4084 2076 4130 cum
2097 4076 2130 4130 et
2141 4067 2304 4130 intuemur
2338 4081 2484 4133 ersom

1496 4149 1563 4215 hoc
1587 4152 1721 4222 ordine,
1745 4160 1779 4215 et
1805 4148 1891 4215 haec
1919 4150 2082 4215 beneficia
2104 4152 2258 4235 petimus.
2301 4087 2346 4215 Et
2366 4152 2414 4236 pii
2435 4155 2484 4216 ta&

1496 4233 1563 4302 lem
1583 4235 1831 4303 invocationem
1853 4238 2064 4321 experientur
2084 4255 2153 4302 non
2174 4256 2253 4301 esse
2272 4236 2411 4303 irritam.

1679 4494 1797 4561 Potest
1817 4505 1928 4561 autem
1949 4492 2059 4560 forma
2082 4492 2160 4560 talis
2184 4513 2273 4561 esse.

1583 4664 1815 4751 Omnipotens,
1835 4676 1983 4746 aeterne,
2006 4667 2082 4733 vive
2088 4713 2099 4746 ‚
2121 4678 2156 4733 et
2176 4666 2351 4732 verissime
2372 4664 2482 4748 Deus,

1495 4763 1631 4817 aeterne
1647 4764 1743 4837 pater
1759 4752 1894 4817 Domini
1916 4753 2024 4818 nostri
2046 4754 2121 4819 lesu
2134 4752 2271 4834 Christi,
2295 4756 2350 4840 qui
2368 4765 2404 4819 te
2423 4773 2484 4841 pa·

1495 4836 1640 4905 tefecisti
1660 4840 1821 4904 immensa
1844 4841 2002 4918 bonitate,
2026 4852 2060 4905 et
2082 4837 2232 4906 clamasti
2254 4841 2295 4905 de
2316 4837 2403 4905 Filio
2423 4850 2483 4907 tuo

1494 4924 1640 4990 Domino
1662 4936 1779 4991 nostro
1802 4924 1878 4991 lesu
1901 4925 2058 4993 Christo:
2102 4926 2201 4995 Hunc
2222 4927 2347 5006 audite,
2370 4922 2484 4993 condi·

1496 5022 1549 5076 tor
1578 5008 1663 5076 coeli
1698 5023 1730 5078 et
1758 5023 1887 5092 torrae,
1923 5024 1956 5079 et
1976 5012 2146 5078 hominurn
2168 5025 2202 5078 et
2222 5009 2416 5095 Ecclesiae,
2448 5012 2499 5079 et'

1496 5109 1717 5164 conservator
1750 5110 1783 5163 et
1796 5098 2006 5185 opitulator,
2037 5120 2105 5166 una
2127 5121 2202 5166 cnm
2212 5098 2306 5165 ‘Filio
2328 5111 2387 5165 tuo
2410 5098 2482 5165 Do·

1494 5188 1583 5250 mino
1605 5196 1721 5250 nostro
1744 5185 1819 5251 lesu
1842 5183 1990 5265 Christo,
2013 5198 2047 5251 et
2068 5185 2195 5272 Spiritu
2218 5198 2349 5266 sancto,
2373 5183 2482 5252 ellhso

1494 5272 1528 5335 in
1550 5268 1736 5356 Apostolos
1769 5271 1953 5357 paracleto,
1986 5274 2134 5357 sapiens,
2157 5275 2257 5353 bone,
2275 5274 2482 5352 misericors

1494 5358 1593 5439 iuste,
1615 5359 1725 5437 iudex,
1748 5356 1856 5438 sortis,
1879 5370 1984 5438 caste,
2005 5356 2184 5440 liberrime,
2207 5380 2322 5439 verax,
2335 5360 2480 5446 diligens

461 5431 606 5518 agitator
627 5455 688 5501 seu
705 5456 799 5501 amor
820 5436 1061 5517 substantialis,
1080 5450 1236 5525 tanquam
1248 5444 1334 5528 ignis
1352 5464 1443 5508 arno-
1496 5456 1529 5510 et
1547 5445 1732 5509 'exaudiens
1755 5466 1831 5524 nos,
1853 5448 1909 5531 qui
1932 5446 2055 5511 dixisti=
2078 5445 2165 5511 Vivo
2188 5464 2264 5533 ego,
2288 5442 2369 5511 nolo
2391 5465 2481 5511 mor·

460 5517 508 5620 ris
531 5540 597 5606 quo
618 5535 714 5607 pater
736 5520 838 5589 filium
861 5521 1107 5609 complectitur,
1139 5538 1173 5592 et
1194 5523 1283 5593 filius
1304 5541 1444 5614 patrem,
1494 5541 1561 5596 tem
1580 5533 1780 5616 peccatoris,
1804 5534 1866 5597 sed
1887 5543 1924 5599 ut
1945 5543 2159 5600 convertatur
2181 5545 2216 5599 et
2235 5534 2338 5599 vivat.
2359 5532 2412 5598 Ta
2430 5532 2480 5597 in·

460 5623 526 5670 tmo
547 5625 614 5692 quo
636 5621 754 5695 postea
774 5622 872 5696 pater
890 5623 926 5677 et
947 5608 1035 5678 lilius
1057 5610 1249 5681 dulcbsimo
1267 5612 1444 5703 complexu
1494 5637 1582 5685 voco
1604 5629 1638 5685 et
1659 5638 1720 5685 oro
1742 5616 1896 5706 supplex,
1917 5621 2077 5686 miserere
2098 5621 2175 5702 mci,
2196 5632 2231 5687 at
2246 5621 2378 5688 remitte
2398 5616 2479 5686 mihi
