5892 6709
313 550 353 654 s
461 605 504 672 ra
562 665 567 680 ,
736 587 743 604 “
1037 565 1197 670 riui.
1219 601 1325 670 usn.
1346 599 1536 670 scurra
1556 601 1836 702 nosnmncn,

460 793 625 858 accedunt
644 811 687 858 ex
696 789 882 878 Evangelio
901 788 957 856 alii
976 801 1057 870 tres,
1079 792 1135 877 qui
1148 792 1317 876 continent
1335 788 1437 856 multo

460 873 685 943 efficaciorem
706 875 979 943 consolationem.

558 1218 648 1305 Sint
677 1222 799 1331 igitur
828 1220 904 1302 loci
935 1220 1167 1329 Theologici
1200 1221 1354 1303 decem.

546 1439 569 1501 l.
612 1433 759 1512 Primus,
789 1434 1059 1511 Necessitas,
1092 1435 1215 1512 idest,
1249 1436 1438 1500 mandatum

461 1521 543 1599 Dei,
574 1522 663 1605 quod
686 1521 866 1605 praecipit,
893 1531 930 1583 ut
952 1519 1123 1584 llectamus
1145 1521 1273 1584 animos
1295 1522 1338 1585 ad
1361 1522 1439 1604 obe·

461 1607 614 1671 dientiam
635 1607 669 1668 in
692 1602 874 1669 tolerandis
890 1606 1054 1682 adversis,
1078 1624 1140 1668 nec
1158 1607 1340 1670 irascamur
1352 1604 1439 1683 Deo,

460 1692 550 1756 itrxta
578 1692 715 1755 dictumt
746 1688 965 1753 Humiliamini
995 1691 1058 1754 sub
1086 1693 1212 1775 potenti
1239 1711 1339 1755 manu
1364 1690 1438 1756 Dei.

461 1774 557 1841 ltem:
582 1778 739 1842 subditus
758 1786 832 1840 esto
854 1774 941 1853 Deo,
965 1788 997 1839 et
1020 1795 1120 1859 spera
1141 1779 1174 1840 in
1192 1796 1279 1854 eum,
1302 1787 1366 1841 etc.

547 1917 583 1977 ln
609 1914 697 1977 omni
719 1909 949 1976 consolatione
970 1924 1080 1977 autem
1108 1914 1159 1977 sic
1181 1922 1305 1976 tantum
1326 1915 1440 1978 minm-

382 2035 384 2040 *
461 2009 515 2062 tur
537 1996 646 2075 dolor,
670 2018 745 2063 crim
767 1998 930 2061 obiectum
948 1998 1070 2061 bonum
1087 2000 1267 2080 intuemur„
1285 1997 1341 2076 Ut,
1366 2020 1440 2062 curn

461 2081 572 2148 David
600 2085 681 2159 scit,
703 2083 778 2149 Deo
801 2083 1020 2146 obedientiam
1044 2084 1074 2146 in
1098 2079 1195 2147 exilio
1222 2081 1374 2167 placere,
1408 2093 1441 2146 et

349 2161 354 2178 ’
460 2189 601 2251 poenam
624 2189 691 2232 non
715 2188 792 2233 esse
802 2170 938 2255 'signum
955 2170 1156 2246 reiectionis,
1179 2169 1240 2233 sed
1255 2188 1440 2234 commone·

461 2252 638 2318 factionem
662 2257 703 2318 de
726 2253 942 2318 Poenitentia.
986 2252 1058 2317 llac
1081 2256 1170 2319 bona
1192 2252 1362 2318 voluntate
1376 2252 1441 2318 Dei

462 2339 673 2404 considerata
701 2337 766 2403 sert
788 2360 915 2424 poenas
938 2340 1065 2403 minore
1092 2338 1221 2404 dolore.
1266 2341 1323 2405 Sic
1352 2337 1439 2403 latro

1574 787 1700 876 Legale
1721 803 1790 855 est:
1812 787 1896 854 Cum
1912 790 2078 874 potiantur
2098 787 2154 853 alii
2171 801 2472 876 propterpeecatn,

1490 888 1526 942 ut
1547 874 1673 952 Adam,
1705 873 1793 954 Eva,
1825 873 1952 947 David,
1985 873 2161 950 bunasse,
2189 886 2223 940 et
2251 872 2305 940 alii
2326 872 2475 962 plurimi,

1513 981 1629 1024 uorum
1651 980 1781 1044 poenae
1803 975 1881 1025 sunt
1910 957 2247 1026 commonefacticnes
2273 962 2316 1026 de
2343 962 2476 1029 iustitis

1524 1047 1568 1111 ei:
1589 1045 1765 1110 Fatearnnr
1781 1065 1845 1111 nos
1890 1066 2000 1130 noque
2017 1043 2163 1111 lustitiae
2176 1045 2240 1110 Dei
2263 1065 2392 1131 poenas
2409 1048 2476 1114 de·

1489 1133 1582 1209 bere,
1604 1131 1694 1194 iuxta
1716 1132 1856 1194 dictum:
1906 1132 1950 1195 rbi
1968 1129 2111 1194 Domine
2132 1131 2268 1211 lustitia,
2290 1135 2390 1197 nobis
2412 1154 2477 1199 au·
2572 1173 2581 1186 -

1488 1227 1554 1280 tem
1587 1215 1741 1281 confusio
1774 1213 1869 1279 faciei
1903 1227 2055 1294 nostrae,
2088 1217 2176 1281 sicut
2204 1229 2245 1282 et.
2265 1217 2363 1282 hodie
2397 1220 2475 1286 viro

1490 1300 1569 1366 luda
1602 1314 1635 1364 et
1668 1297 1888 1365 Hiemsalem.
1931 1299 1974 1364 Et
2006 1298 2099 1366 Elias
2132 1303 2253 1387 inquito
2284 1302 2360 1368 Non
2393 1323 2476 1370 sum

1490 1383 1605 1450 melior
1626 1384 1780 1450 Patribus
1803 1388 1896 1449 meis.

1581 1517 1675 1584 Evan
1703 1519 1822 1585 elicum
1845 1533 1915 1599 est,
1937 1522 2026 1606 qnod
2048 1533 2179 1604 oportet
2198 1543 2263 1588 nos
2287 1521 2361 1588 fieri
2389 1545 2475 1589 con·

1490 1603 1616 1670 similes
1637 1542 1711 1669 Fidi
1734 1604 1798 1670 Dei
1819 1608 1851 1670 in
1875 1627 1975 1671 cruce
1997 1617 2030 1669 et
2047 1603 2252 1672 liberatione.
2295 1606 2375 1673 ldeo
2400 1619 2477 1674 tota

1490 1687 1644 1754 Ecclesia
1666 1691 1758 1756 cruci
1776 1693 1927 1756 subiecta
1945 1704 2064 1770 est,‚et
2081 1703 2271 1776 expectate
2317 1706 2477 1760 suturam

1491 1778 1590 1840 vitam
1614 1785 1648 1839 et
1668 1773 1826 1840 laetitiam
1850 1790 2039 1854 aeternam,
2071 1779 2160 1841 sicut
2181 1771 2284 1842 Filius
2319 1780 2475 1846 literatus

1417 1913 1425 1931 .
1492 1872 1555 1937 est,
1578 1863 1669 1924 iuxta
1690 1863 1827 1925 dictum:
1851 1860 1970 1926 Venite
1988 1861 2272 1928 benedictiPatris
2293 1865 2369 1942 mei,
2392 1883 2475 1952 pos·

1490 1949 1596 2011 sidete
1619 1967 1757 2031 regnum
1779 1948 1877 2011 vobis
1898 1959 2061 2030 paratum,
2083 1958 2148 2011 ete.

1575 2080 1660 2147 Vlll.
1706 2081 1873 2160 Octavus,
1908 2080 2077 2147 Causae
2106 2079 2281 2162 finales,
2314 2082 2476 2150 videlicet

1491 2170 1563 2250 ipse
1584 2165 1692 2245 Deus,
1716 2180 1749 2231 et
1768 2167 1973 2244 confirmatio
1995 2167 2070 2233 fidei
2092 2170 2126 2231 in
2149 2166 2223 2232 aliis
2245 2170 2474 2238 credentibus.
2557 2173 2560 2177 ’

1491 2252 1554 2330 Ut,
1578 2254 1746 2335 mitigatur
1767 2250 1864 2316 dolor
1889 2252 2084 2332 Laurentio,
2113 2274 2188 2317 eum
2208 2256 2285 2333 scit,
2307 2277 2370 2320 sua
2392 2276 2475 2320 con·

1491 2340 1612 2402 stantia
1644 2336 1743 2402 latius
1777 2339 1891 2422 spar'
1926 2340 2073 2402 notitiam
2100 2336 2183 2416 Dei,
2216 2351 2250 2403 et
2282 2339 2475 2406 confirmarl

423 2441 425 2446 '
463 2444 650 2490 corrversus
672 2427 716 2488 ad
737 2423 846 2489 Deum
868 2421 975 2488 levius
997 2421 1063 2488 fert
1084 2445 1242 2509 poenam,
1265 2427 1330 2490 scit
1354 2425 1440 2490 ordi·
1463 2421 1467 2492 l
1491 2423 1589 2487 iidem
1610 2424 1644 2485 in
1666 2421 1753 2500 aliis,
1771 2426 1856 2487 sicut
1896 2422 1993 2487 aulus
2014 2425 2130 2508 inquit,
2149 2444 2188 2488 se
2211 2425 2371 2489 immolari
2393 2446 2475 2510 pro·

462 2512 585 2575 nationi
609 2511 740 2573 divinae
763 2512 982 2575 obediendum
1000 2529 1106 2589 esse,
1129 2522 1163 2574 et
1190 2508 1277 2576 hanc
1299 2522 1440 2576 mortem
1463 2508 1467 2574 l
1491 2522 1566 2593 pter
1578 2507 1784 2572 Sacrificium
1806 2519 1839 2571 et
1851 2507 2067 2573 lllinisterium
2089 2508 2164 2574 fidei
2186 2507 2336 2588 aliorum,
2359 2512 2474 2592 idest,

461 2616 530 2660 nou
552 2597 629 2660 esse
651 2598 782 2680 signum
804 2598 1003 2660 reiectionis.

550 2752 585 2813 ΙΙ.
630 2748 826 2826 Secundus,
859 2746 1064 2834 Dignitas
1094 2749 1280 2827 virtutis,
1313 2748 1347 2810 id
1379 2758 1440 2826 est,

385 2902 388 2908 ,
464 2831 547 2898 Saul
569 2854 636 2897 non
658 2845 748 2896 recte
771 2831 869 2912 lacit,
900 2832 990 2918 quod
1011 2835 1075 2899 sibi
1088 2846 1237 2899 'mortem
1260 2835 1440 2898 consciscit

464 2932 602 3005 propter
624 2917 789 2984 inleliccm
809 2939 966 3005 pugnam.
1189 2923 1196 2937 '

550 3075 597 3138 ΙΙΙ.
640 3070 790 3150 Tertius,
823 3071 936 3136 Bona
969 3073 1253 3150 conscientia,
1286 3083 1322 3136 ut
1354 3070 1442 3136 Lau·

462 3158 568 3222 rentio
590 3157 627 3221 fit
641 3157 727 3222 levis
752 3160 918 3222 cruciatus
941 3169 1077 3242 propter
1096 3160 1250 3241 optimam
1268 3158 1441 3222 conscien-

463 3245 552 3308 tiam.

551 3399 610 3460 llll.
634 3395 719 3468 Quia
742 3415 823 3460 vero
840 3397 1036 3480 saepissime
1056 3393 1144 3459 mala
1162 3397 1364 3460 conscientia
1386 3395 1443 3459 do·

463 3479 554 3545 lores
576 3492 687 3565 auget,
709 3483 893 3545 ostenditur
914 3483 946 3544 in
970 3479 1154 3568 Evangelio
1176 3494 1314 3566 quartus
1332 3478 1441 3557 locus,

463 3585 604 3651 prorsus
626 3568 760 3650 ignotus
783 3564 1036 3651 Philosophiae,
1064 3565 1207 3631 scilicet:
1236 3566 1442 3630 Remissio

465 3663 752 3737 peccatorum.
807 3652 915 3715 David
956 3673 1022 3715 non
1053 3648 1220 3738 ¹frangitur
1254 3653 1443 3735 ingentibus

468 3734 720 3814 calamitatibus,
746 3738 873 3801 etiarnsi
886 3734 987 3800 habet
1003 3738 1190 3800 tristissima
1203 3735 1342 3800 vulnera
1365 3757 1440 3799 con·

464 3825 641 3899 scientiae,
663 3824 722 3886 sed
745 3824 808 3886 iarn
832 3834 921 3885 tenet
944 3822 1098 3899 remedia,
1120 3824 1185 3885 scit
1206 3824 1326 3886 dictum
1351 3841 1442 3884 esse:

464 3908 667 3973 Dominus
708 3906 885 3971 abstulit
923 3919 1137 3993 peccatum
1171 3919 1285 3971 tuum.
1350 3907 1444 3971 Haec

466 3990 651 4059 consolatio
682 3997 816 4077 propria
839 4004 890 4057 est
919 3992 1111 4070 Ecclesiae,
1139 3990 1269 4078 prolata
1298 4014 1338 4056 ex
1369 3994 1444 4057 sinu

465 4080 591 4143 aeterni
625 4078 733 4143 Patris
767 4082 799 4143 in
835 4100 918 4144 voce
947 4078 1139 4166 Evangelii,
1173 4092 1206 4143 et
1234 4099 1444 4163 nequaquam

465 4163 703 4250 Philosophiae
721 4177 801 4229 nota
822 4177 885 4229 est.

550 4317 592 4380 V.
638 4317 780 4389 Quintus
801 4317 917 4399 loom,
940 4320 994 4401 qui
1017 4319 1114 4381 etiam
1132 4314 1358 4403 Evangelicus
1381 4327 1442 4385 est,

466 4401 621 4466 videlicet
653 4404 821 4487 Agnitio
854 4404 1119 4488 praesentiae
1151 4402 1228 4466 Dei
1259 4403 1297 4465 in
1324 4423 1443 4466 aeru-

465 4489 567 4551 mnis
601 4502 775 4571 accepta
807 4490 1077 4561 remissione,
1110 4500 1147 4552 ut
1181 4488 1314 4552 dicitur:
1348 4487 1443 4551 Deus

466 4573 591 4637 habitat
618 4577 652 4637 in
682 4573 823 4638 aftlictis.
868 4574 1014 4639 Levatur
1036 4595 1114 4651 ergo
1138 4572 1248 4644 dolor,
1277 4595 1353 4638 eum
1380 4575 1443 4637 sci-

466 4680 541 4722 mus
560 4678 622 4722 ncs
645 4680 666 4721 a
689 4659 763 4724 Deo
786 4661 901 4733 iuvari,
924 4672 957 4724 et
977 4680 1073 4745 spem
1093 4661 1253 4725 habemns
1270 4661 1443 4746 mitigatio·

465 4745 518 4808 nis
541 4745 573 4808 in
594 4744 661 4808 hac
683 4747 759 4810 vita.

552 4896 610 4960 Vl.
655 4896 777 4963 Sextus
794 4899 903 4973 loeus,
926 4900 981 4985 qui
1003 4900 1100 4964 etiam
1129 4897 1354 4985 Evangelicus
1381 4903 1446 4972 est,

466 4982 634 5048 videlicet:
672 4984 778 5067 Spes
805 4982 972 5051 ultimae
999 4983 1272 5051 liberationis
1306 4998 1346 5050 et
1378 5008 1443 5051 ae·

467 5081 609 5134 ternae
632 5067 799 5143 salutis,
823 5072 912 5135 iuxta
930 5073 1066 5137 dietum:
1093 5071 1226 5136 Etiamsi
1240 5072 1369 5136 occidet
1381 5092 1442 5144 me,

466 5158 611 5239 sperabo
634 5157 666 5219 in
690 5176 774 5220 eum.
809 5161 900 5221 ltem:
923 5158 999 5224 Seio
1022 5159 1112 5243 quod
1134 5157 1336 5242 Redemptor
1350 5177 1443 5223 meus

467 5242 557 5320 vivit,
580 5253 614 5305 et
636 5262 753 5324 rursus
776 5243 1005 5307 circumdabor
1026 5242 1113 5329 pelle
1133 5264 1217 5315 mea,
1240 5257 1304 5308 etc.

554 5396 626 5460 Vll.
671 5398 850 5482 Septimus,
883 5394 1093 5481 Exempla,
1128 5417 1213 5482 quae
1246 5408 1279 5462 et
1308 5407 1445 5483 propter

466 5479 592 5568 Legem
613 5493 646 5549 et
661 5494 799 5569 propter
815 5478 1034 5570 Evangeliam
1054 5484 1270 5569 proponenda
1291 5494 1379 5550 sunt.

1463 2583 1468 2684 Ι
1491 2597 1568 2678 quia
1601 2583 1758 2658 servierit'
1786 2590 1858 2656 aliis
1887 2583 1980 2658 rect-'s
2008 2595 2179 2673 docendo,
2212 2607 2247 2660 et
2274 2597 2351 2681 qula
2378 2617 2475 2661 mors

1493 2680 1564 2744 eius
1586 2681 1630 2742 sit
1651 2676 1763 2744 lutura
1784 2681 2004 2744 testimonium
2026 2681 2068 2743 de
2090 2681 2250 2746 doctrina.
2294 2682 2380 2745 Nam
2403 2703 2475 2746 rno-

1492 2767 1615 2829 rientes
1648 2766 1680 2826 in
1704 2763 1918 2829 confessione
1939 2763 2015 2828 fidei
2037 2767 2230 2836 ostendunt,
2261 2786 2300 2830 se
2329 2787 2398 2830 uon
2428 2770 2474 2833 si·

1490 2848 1637 2914 mulasse
1655 2847 1897 2933 professionem
1908 2849 2087 2934 voluptatis
2104 2862 2161 2914 aut
2178 2863 2338 2935 quaestus
2356 2871 2474 2918 causa.
2540 2913 2553 2936 ,

1492 2934 1680 2999 Ostendant
1701 2935 1790 3014 item,
1815 2956 1853 2999 se
1875 2947 2052 3018 expectare
2074 2949 2248 3000 venturum
2269 2937 2440 3002 iudicium.

1578 3070 1634 3134 tx.
1678 3071 1808 3149 Nonus,
1847 3069 2029 3136 Collatio
2052 3084 2270 3136 eventuum
2291 3074 2477 3158 praecipue

1491 3158 1526 3221 in
1557 3154 1713 3221 Ecclesia
1748 3158 1991 3226 cnrrsideranda
2024 3170 2095 3235 est,
2131 3157 2216 3229 Quia
2247 3159 2293 3222 ibi
2326 3160 2476 3224 ostendit

1491 3241 1587 3307 Deus
1616 3256 1649 3306 et
1676 3245 1865 3307 testimonia
1891 3242 2035 3309 iustitiae
2063 3263 2161 3321 sune,
2189 3245 2278 3328 quod
2307 3244 2476 3310 irascetur

1492 3330 1658 3412 peccatis,
1688 3341 1722 3391 et
1750 3326 1901 3412 exempla
1933 3329 2195 3405 misericordiae,
2224 3329 2314 3413 quod
2344 3349 2475 3413 poenas

1493 3426 1600 3477 tamen
1623 3415 1762 3499 mitiget,
1784 3415 1876 3477 iuxta
1892 3412 1977 3477 haec
1996 3415 2099 3477 dicta:
2122 3413 2198 3477 Non
2215 3413 2366 3478 accendit
2376 3413 2476 3482 Deus

1493 3511 1596 3563 totam
1617 3500 1699 3563 iram
1720 3520 1826 3564 suam.

1579 3651 1660 3714 ltem
1693 3651 1804 3714 Oseac
1843 3652 1894 3714 ll.
1949 3651 2027 3714 Non
2060 3648 2177 3715 faciam
2214 3649 2362 3716 furorem
2402 3639 2478 3718 irae

1493 3756 1599 3813 meae,
1621 3737 1698 3820 quia
1715 3734 1810 3799 Deus
1833 3757 1897 3819 ego
1919 3745 2014 3814 sum,
2027 3756 2093 3800 non
2115 3737 2232 3813 homo,
2255 3739 2288 3800 id
2310 3747 2374 3815 est,
2396 3740 2480 3822 quia

1494 3833 1630 3885 naturae
1661 3819 1829 3884 hominum
1862 3820 2067 3905 impossibile
2100 3835 2152 3885 est
2184 3823 2350 3885 sustinere
2385 3824 2479 3888 ham

1495 3907 1569 3986 Dei,
1592 3909 1620 3970 si
1644 3909 1716 3969 sine
1738 3907 1963 3971 misericordia
1984 3910 2143 3989 punirem.
2187 3905 2383 3991 Quanquam
2414 3908 2479 3993 igi·

1494 4005 1547 4058 tur
1569 3995 1660 4076 punit
1683 3992 1794 4060 Dens,
1816 3994 1944 4078 mitigat
1960 4004 2069 4056 tamen
2091 4012 2238 4077 poenas,
2265 4013 2308 4056 ne
2330 4011 2479 4073 prorsus

1495 4077 1645 4143 deleatur
1667 4074 1829 4141 Ecclesia.

1582 4232 1693 4303 Quare
1715 4252 1845 4313 semper
1867 4233 1908 4296 ad
1932 4244 2083 4297 caeteras
2112 4232 2252 4296 accedat
2279 4230 2365 4295 haec
2393 4253 2480 4297 con·

1495 4316 1631 4383 solatio:
1660 4318 1895 4403 Agnoscamus
1917 4313 1987 4382 ‘nos
2010 4319 2096 4382 iuste
2122 4318 2246 4401 puniri,
2277 4327 2309 4380 et
2335 4318 2481 4382 meritos

1495 4423 1571 4466 esse
1594 4406 1777 4468 atrociores
1799 4425 1941 4487 poenas:
1970 4403 2082 4468 Leniri
2105 4415 2214 4467 tamen
2237 4404 2318 4466 iram
2336 4415 2481 4486 propter

1495 4489 1733 4567 Mediatorcm,
1757 4502 1790 4553 et
1811 4510 1854 4553 ne
1874 4501 1943 4553 tota
1965 4487 2119 4553 Ecclesia
2140 4486 2287 4552 funditus
2310 4484 2479 4553 deleatur.

1496 4575 1697 4639 Obediarnus
1719 4577 1819 4661 igitur
1845 4576 1879 4637 in
1902 4576 2133 4658 praesentibus
2155 4574 2292 4657 poenis,
2326 4582 2359 4635 et
2380 4584 2480 4656 peta·

1495 4680 1567 4724 mus
1591 4672 1624 4724 et
1642 4657 1859 4743 'expectemus
1881 4662 2137 4744 mitigationem,
2160 4660 2247 4723 sicut
2269 4660 2302 4721 in
2323 4655 2480 4742 Prophe·

1494 4748 1539 4809 tis
1562 4747 1698 4809 dicitur:
1733 4744 1768 4808 ln
1792 4747 1840 4807 ira
1862 4747 2112 4809 misericordiae
2133 4745 2332 4808 recorderis
2349 4814 2354 4822 .
2372 4740 2478 4808 item:

1493 4832 1609 4896 Bonus
1632 4841 1685 4896 est
1706 4830 1899 4909 somnus,
1920 4843 1952 4895 et
1973 4833 2122 4915 poenitet
2139 4852 2213 4896 cum
2239 4829 2480 4916 magnitudinis

1494 4938 1684 5003 poenarum.

1578 5051 1620 5116 X.
1664 5051 1841 5128 Decimus,
1863 5051 2129 5119 Desiderium
2162 5049 2269 5116 clari
2301 5067 2480 5135 conspe·

1496 5151 1589 5204 etus
1621 5137 1714 5218 Dei,
1748 5150 1786 5202 et
1817 5136 2084 5203 liberationis
2116 5159 2137 5202 a
2170 5149 2253 5203 toto
2283 5147 2479 5221 peccato.

1496 5224 1588 5288 llaec
1616 5221 1800 5288 consolatio
1829 5226 1963 5308 proprie
1998 5224 2039 5288 ad
2070 5222 2212 5288 lilortem
2239 5222 2398 5307 pertinet,
2435 5223 2480 5287 de

1495 5330 1561 5395 qua
1584 5310 1662 5374 dicit
1679 5307 1820 5375 Paulus:
1843 5308 1949 5394 Cupio
1972 5306 2123 5388 dissolvi,
2145 5319 2178 5373 et
2199 5328 2275 5373 esse
2291 5327 2366 5372 cum
2378 5306 2479 5372 Chri·

1496 5406 1562 5474 sto,
1581 5397 1700 5460 idest:
1724 5395 1817 5461 Sicut
1839 5393 2047 5461 iterfaciens
2070 5405 2170 5460 nocte
2191 5396 2225 5458 in
2247 5395 2361 5458 densis
2382 5404 2480 5460 tene·

1497 5483 1578 5561 bris,
1600 5483 1737 5570 ignarus
1749 5483 1824 5549 viae
1842 5494 1875 5547 et
1892 5479 2057 5563 locorum,
2076 5482 2220 5548 maxime
2238 5481 2363 5566 expetit
2373 5480 2481 5560 diem,
