5892 6709
467 640 531 706 ms
1090 640 1202 708 Pilll..
1223 642 1328 708 MEL.
1349 640 1537 708 SCRIPTA
1557 641 1836 715 boemanos,
1991 655 1994 661 '
2060 710 2071 724 ,
2416 647 2482 713 lid

467 832 501 899 in
523 829 656 898 Achille
677 833 721 897 im
767 842 817 894 rat
839 833 1006 903 manibus,
1036 851 1078 895 ne
1102 832 1267 915 stringant
1289 830 1446 917 gladium.
1499 833 1711 908 servitutem,
1740 832 1831 936 quod
1856 828 1968 915 aliqua
1991 852 2033 897 ex
2054 841 2152 915 parte
2175 832 2211 898 lit
2231 831 2401 902 irenandis
2424 855 2480 904 ex·

467 919 635 985 Voluntas
668 920 700 983 in
747 920 908 983 uberante
939 915 1107 997 febribus,
1143 927 1255 1001 potest
1288 924 1448 982 coercere
1498 918 1602 983 ternis
1620 919 1788 982 membris.
1832 916 1875 982 Et
1901 919 1934 982 in
1957 921 2083 982 renatis
2112 917 2198 984 haec
2224 920 2394 1008 diligen‘tia
2421 924 2481 990 bo·

467 1027 604 1085 manus,
633 1026 675 1070 ne
702 1001 857 1090 poculum
880 1004 930 1069 ori
952 1004 1167 1078 admoveant,
1197 1003 1326 1068 etiamsi
1348 1001 1447 1068 valde
1498 1024 1577 1069 num
1606 1023 1691 1088 opus
1721 1015 1790 1081 est,
1818 1015 1852 1068 ct
1881 1002 1956 1067 Deo
1984 1003 2143 1088 placens,
2164 1005 2379 1089 praelucente
2401 1008 2479 1089 lide,

467 1094 547 1160 sitit.
1498 1103 1535 1154 ut
1557 1109 1620 1154 suo
1642 1087 1720 1153 loco
1743 1090 1880 1154 dicetur.
1924 1089 2063 1174 Sintque
2084 1092 2118 1154 in
2141 1107 2327 1178 conspectu
2356 1115 2482 1166 causae

1499 1188 1659 1259 quatuor,
1692 1195 1777 1259 quae
1799 1195 1863 1241 noe
1891 1175 1933 1239 ad
1958 1196 2071 1241 curam
2092 1180 2260 1263 regendae
2283 1177 2481 1266 discipliuae

554 1228 649 1294 Hanc
679 1224 865 1292 libertatem
892 1224 987 1289 Deus
1020 1226 1051 1289 iu
1081 1222 1215 1288 bomine
1243 1221 1346 1329 lapso·
1371 1222 1446 1289 reli·
1498 1262 1697 1330 emnem·

468 1337 567 1403 quam
589 1334 667 1380 esse
690 1311 813 1391 voluit,
840 1327 877 1378 ιιι
904 1310 1056 1376 homines
1079 1307 1254 1394 disciplina
1276 1330 1347 1396 regi
1393 1330 1447 1375 os·

467 1412 558 1481 sent,
587 1404 678 1465 iuxta
707 1401 845 1477 dictum:
874 1399 945 1463 Lex
973 1409 1026 1461 est
1054 1397 1185 1461 iniustis
1212 1398 1329 1480 posita.
1407 1398 1446 1461 isi
1584 1396 1706 1475 Prima,
1728 1398 1805 1482 quia
1826 1416 1970 1462 necesse
1992 1409 2044 1463 est
2064 1401 2228 1467 mandatis
2245 1402 2310 1470 Dei
2332 1404 2479 1471 obedire.

467 1489 553 1555 enim
574 1486 659 1552 haec
680 1484 817 1551 libertas
839 1487 872 1549 in
895 1484 1135 1571 gubernatione
1162 1484 1338 1567 potentiae
1355 1479 1446 1548 loco·

465 1574 608 1640 motitae
631 1592 694 1636 seu
716 1583 930 1636 externorum
952 1570 1173 1634 membrorum
1195 1565 1323 1654 reliqua
1345 1580 1447 1647 esset,

465 1675 607 1747 prorsus
629 1660 661 1724 in
684 1678 752 1723 non
774 1658 914 1734 renatis,
945 1654 1058 1722 nullus
1084 1674 1167 1721 usus
1189 1665 1282 1720 esset
1302 1651 1447 1739 discipli·

464 1742 674 1816 micallius,
708 1757 742 1809 ει
769 1742 974 1827 politicarum
1002 1741 1131 1828 legum,
1160 1753 1194 1804 et
1223 1741 1446 1806 comminatio·

464 1852 560 1910 nam,
593 1850 680 1915 quae
709 1831 947 1915 proponendae
974 1840 1069 1905 sunt,
1102 1838 1140 1891 ut
1167 1823 1258 1890 iacta
1286 1824 1446 1891 delibera·

465 1918 572 1995 tione,
598 1936 659 1981 scu
682 1915 814 1980 delectu
837 1916 1085 1979 commodorum
1107 1923 1140 1977 ct
1162 1913 1445 1978 incommodorum

464 2001 597 2081 habito,
629 1999 784 2067 voluntas
815 1999 948 2088 fugiens
976 2017 1103 2086 poenas
1132 1998 1269 2081 imperet
1299 1999 1445 2064 externis

378 2157 390 2168 ,
464 2091 631 2166 membris,
654 2109 697 2153 ne
719 2085 843 2152 iaciant
865 2101 978 2151 contra
1002 2085 1108 2170 leges.

1584 1533 1752 1614 Secunda,
1770 1545 1806 1597 ut
1824 1535 1969 1600 vitentur
1992 1556 2121 1621 poenae
2145 1539 2189 1601 in·
2197 1538 2263 1605 hac
2279 1540 2411 1607 mortali
2433 1546 2480 1609 vi-

1498 1633 1551 1697 ta,
1575 1633 1608 1686 et
1629 1617 1757 1699 futura,
1791 1622 1868 1705 quia
1897 1622 2119 1686 certissimum
2146 1635 2200 1689 est
2221 1628 2331 1692 omnia
2350 1631 2478 1695 atrocia

1498 1705 1620 1770 delicta
1651 1706 1749 1772 etiam
1777 1708 1811 1771 in
1839 1707 1906 1773 hac
1934 1701 2002 1772 vita
2023 1708 2129 1792 puniri
2156 1712 2326 1778 atrocibus
2348 1716 2479 1799 poenis,

1497 1803 1533 1857 ut
1554 1793 1801 1939 scriptumest:
1825 1791 1889 1866 Qui
1912 1791 2060 1881 gladium
2077 1800 2256 1880 acceperit,
2274 1798 2387 1885 gladio
2405 1821 2480 1886 per·
2536 1785 2548 1800 ⁸

1497 1878 1565 1942 ibit.
1640 1897 1709 1955 em,
1742 1877 1818 1944 Non
1840 1878 1977 1944 habebit
1999 1878 2096 1944 Deus
2119 1880 2284 1950 insontem
2306 1906 2400 1966 eum,
2422 1888 2479 1974 qul

1496 1984 1583 2027 vane
1606 1974 1743 2044 usurpat
1765 1985 1885 2030 ιιοιιιειι
1909 1966 1990 2031 eius.
2036 1964 2136 2045 ltem,
2163 1967 2375 2037 Scortatores
2396 1973 2480 2038 iudi·

1498 2051 1587 2114 cabit
1614 2048 1718 2114 Deus.
1764 2049 1847 2115 Vult
1875 2053 1959 2115 enim
1988 2049 2082 2116 Deus
2112 2053 2265 2141 exempla
2295 2078 2478 2141 poenarum

1497 2137 1530 2199 in
1551 2132 1617 2198 hnc
1639 2137 1707 2200 vita
1729 2134 1860 2202 mortali
1881 2139 2083 2203 incurrentia
2105 2140 2138 2203 in
2161 2138 2330 2207 hominum
2348 2141 2480 2225 oculos,

549 2225 625 2297 Non
649 2228 795 2291 obscura
819 2237 872 2289 est
889 2225 1041 2289 doctrina
1057 2225 1100 2289 de
1117 2224 1184 2287 hoc
1201 2240 1325 2309 genere
1343 2223 1444 2286 actio-
1497 2221 1685 2285 testimonia
1714 2239 1792 2287 esse
1819 2224 2066 2307 providentiae,
2100 2221 2172 2289 vult
2200 2229 2281 2292 sciri
2303 2249 2370 2295 uon
2394 2251 2479 2297 casu

464 2333 557 2390 num,
580 2323 612 2376 et
636 2311 689 2376 his
712 2313 857 2396 quinon
880 2321 959 2376 sunt
980 2311 1081 2375 rudes
1104 2308 1342 2375 elementorum
1363 2306 1445 2394 phy·
1496 2303 1586 2372 volvi
1608 2327 1664 2371 res
1687 2304 1859 2388 humanas,
1878 2311 1938 2374 scd
1960 2308 2068 2375 Deum
2092 2330 2170 2376 esse
2198 2314 2422 2398 inspectorem
2444 2328 2479 2384 et

463 2399 570 2477 sices,
603 2398 709 2483 magis
738 2399 838 2463 obvia
866 2408 929 2461 est.
975 2397 1028 2460 Ac
1060 2408 1103 2460 ut.
1129 2394 1234 2479 vulgo
1266 2391 1442 2478 loquimur,
1494 2394 1648 2473 iudicem,
1670 2390 1741 2456 vult
1758 2414 1797 2460 se
1808 2398 1949 2481 agnosci
1967 2393 2074 2481 qualis
2094 2397 2148 2476 sit,
2166 2397 2333 2480 videlicet,
2356 2404 2477 2486 iustus,

464 2481 554 2547 llaec
573 2483 769 2571 gubernatio
788 2495 841 2548 est
859 2481 1031 2562 detracturi,
1054 2483 1169 2559 idest,
1188 2483 1328 2562 imperat
1347 2481 1443 2543 etiam
1495 2500 1612 2557 verax,
1634 2489 1759 2557 castus,
1781 2480 1984 2548 horribiliter
2005 2484 2146 2564 puniens
2167 2485 2322 2565 iniurias,
2344 2489 2477 2553 menda·

462 2569 591 2648 invitis,
621 2579 657 2633 ιιι
687 2571 839 2634 dominus
868 2571 987 2634 servis.
1031 2567 1168 2631 Frenari
1193 2577 1360 2650 utcunque
1387 2574 1444 2629 aut
1496 2566 1560 2643 cia,
1581 2562 1746 2643 libidines,
1771 2563 1842 2631 vult
1863 2577 1898 2631 et
1918 2568 2016 2632 huius
2029 2568 2116 2633 vitae
2136 2590 2261 2654 poenas·
2279 2573 2377 2659 signa
2397 2593 2478 2640 esse

464 2656 543 2719 cieri
566 2667 702 2719 externa
729 2657 892 2731 membra,
919 2653 1103 2720 voluntatis
1129 2654 1265 2736 imperio
1291 2661 1445 2735 possunt,
1495 2654 1624 2715 venturi
1645 2650 1766 2730 iudicii,
1789 2664 1821 2716 et
1843 2650 2183 2720 commonefactiones
2202 2659 2244 2722 de
2261 2661 2476 2744 poenitentia.

464 2742 535 2805 sive
552 2740 641 2804 intus
662 2750 847 2825 congruant
864 2736 1017 2804 adiectus
1036 2759 1097 2803 seu
1115 2740 1348 2822 adpetitiones,
1372 2738 1444 2801 sive
1659 2806 1665 2823 ⁸
1841 2807 1848 2824 ι
1891 2810 1898 2825 ι

462 2846 530 2890 ῃοῃ
559 2837 764 2910 congmant,
800 2825 842 2889 Ut
871 2823 1030 2890 laborm„
1062 2823 1212 2889 febribus
1243 2826 1340 2888 ,qam
1369 2844 1444 2887 cum
1580 2804 1733 2891 Demque
1755 2827 1987 2891 gravissimam
2011 2809 2195 2875 doctrinam
2225 2815 2371 2879 continet
2392 2814 2479 2881 haec

462 2909 561 2976 valde
583 2913 661 2990 sitit,
685 2923 795 2995 potest
820 2918 978 2977 coercere
1000 2930 1116 2976 manus
1140 2922 1173 2974 ει
1195 2907 1302 2985 labra,
1325 2929 1368 2973 ne
1385 2930 1443 2990 po·
1496 2892 1718 2995 0⁰¹¹Sl‘l00s13lll3
1740 2912 1942 2976 menarum,
1965 2895 2007 2959 de
2029 2915 2095 3043 ‘pila
2116 2896 2149 2959 ln
2173 2895 2225 2961 hls
2249 2902 2361 2964 causis
2384 2912 2478 2966 tuen·

462 2995 573 3063 culum
594 2998 767 3083 attingam,
1496 2978 1559 3042 dae
1587 2974 1782 3061 discipliuae
1815 2977 1991 3065 loquimur.
2073 2991 2086 3043 t
2122 2982 2253 3066 quidem
2281 2983 2348 3051 hoc
2380 2983 2479 3054 freno

1496 3070 1632 3129 coercet
1654 3062 1747 3128 Deus
1769 3065 1947 3129 humanum
1994 3086 2093 3143 ειιιιε,
2115 3078 2151 3132 ιιι
2172 3066 2260 3133 hauc
2282 3073 2479 3157 sapientiam

548 3132 700 3200 Alterum
730 3155 837 3221 genus
866 3136 1032 3199 actionum
1059 3137 1092 3198 ln
1121 3131 1292 3236 Y⁰l¹1¹¹t³l0
1322 3136 1443 3198 0b⁵⁰¹¹·
1494 3151 1592 3214 nobis
1614 3161 1790 3235 proponat,
1814 3152 1900 3215 sicut
1921 3163 1954 3216 et
2005 3149 2131 3217 salnms
2154 3154 2270 3239 inquit:
2299 3157 2335 3223 ln
2357 3157 2477 3225 chamo

462 3223 531 3284 rius
555 3232 617 3298 εει,
642 3241 717 3285 ειιιιι
741 3218 896 3285 voluntas
919 3242 999 3285 vera
1022 3232 1055 3285 et
1073 3239 1163 3283 sena
1184 3216 1360 3296 electione,
1381 3238 1443 3283 seu
1495 3246 1530 3300 ,t
1551 3232 1647 3300 freno
1670 3232 1821 3300 maxillas
1846 3255 1959 3303 mmm
1982 3240 2204 3324 constringes,
2517 3237 2520 3242 '

462 3315 638 3392 προαιρέσει
659 3304 802 3372 antefert
824 3307 984 3371 honestas
1007 3306 1171 3384 actiones,
1194 3316 1230 3370 ut
1243 3301 1442 3390 Hippolytus

461 3393 550 3457 serio
585 3403 619 3456 ει
647 3394 720 3457 εἰιιε
749 3390 960 3458 simulatione
986 3394 1071 3457 vitat
1102 3402 1135 3456 et
1164 3387 1249 3477 fugit
1275 3410 1443 3455 novercae
1466 3440 1473 3488 Ι
1581 3389 1693 3454 Tertia
1716 3410 1818 3455 causa
1842 3403 1905 3471 εει,
1928 3392 2109 3477 quiaDcus
2125 3392 2197 3459 vult
2219 3394 2373 3484 singulos
2395 3396 2478 3463 alic·

462 3479 685 3556 concubitum,
708 3478 879 3543 Fabricius
898 3481 987 3545 serio
1007 3490 1041 3544 et
1058 3478 1131 3541 sine
1148 3475 1358 3542 simulatione
1369 3476 1442 3540 reii·
1494 3498 1567 3541 rum
1588 3478 1676 3541 vitae
1698 3478 1795 3541 etiam
1816 3498 1975 3561 parcere,
2004 3479 2080 3544 Non
2102 3492 2228 3547 tantum
2249 3485 2348 3549 nobis
2370 3487 2478 3549 nasci·

461 3563 507 3628 cit
528 3585 644 3649 aurum
665 3586 686 3629 a
707 3562 838 3652 Pyrrho
867 3565 1015 3630 missum.
1061 3564 1145 3627 Nam
1172 3576 1203 3628 et
1231 3565 1264 3627 in
1293 3583 1362 3627 non
1391 3584 1442 3626 re·
1494 3584 1580 3641 mur,
1604 3563 1664 3626 sed
1686 3563 1755 3626 vita
1776 3564 1932 3629 universa
1954 3565 2080 3630 directa
2108 3585 2187 3631 esse
2216 3568 2316 3634 debet
2336 3572 2479 3654 primum

462 3651 549 3715 natis
571 3648 728 3716 voluntas
752 3652 841 3714 serio
864 3661 979 3734 potest
999 3648 1162 3715 honestas
1183 3649 1333 3713 actiones
1363 3669 1443 3733 erga
1495 3650 1538 3713 ad
1571 3649 1776 3733 agnitionem
1810 3661 1843 3711 et
1878 3647 2134 3716 celebrationem
2166 3652 2250 3732 Dei,
2283 3657 2402 3721 deinde
2435 3657 2479 3724 ad

453 3733 613 3802 'homines
641 3734 755 3822 aliquo
781 3736 881 3801 modo
903 3733 1008 3815 velle,
1042 3736 1104 3800 sed
1125 3736 1198 3800 sine
1226 3737 1345 3799 timore
1365 3733 1441 3811 Dei,
1496 3754 1702 3800 communem
1725 3736 1919 3801 societatem
1940 3735 2126 3802 fovendam.
2172 3736 2255 3806 Vult
2271 3741 2371 3828 igitur
2382 3741 2477 3808 Deus

462 3822 535 3889 sine
557 3842 638 3888 vera
655 3822 778 3887 fiducia
806 3833 838 3888 et
865 3822 937 3887 sine
960 3819 1138 3886 dilectione
1159 3819 1234 3899 Dei.
1280 3819 1348 3886 Sed
1377 3820 1443 3885 hae
1496 3820 1625 3886 servari
1643 3818 1862 3904 disciplinam,
1881 3833 1914 3885 et
1931 3823 2027 3887 vitari
2050 3823 2258 3890 turbationes
2275 3825 2401 3912 politici
2423 3849 2477 3893 or·

460 3910 610 3975 actiones
632 3909 742 3974 seriae
764 3920 796 3973 et
817 3928 885 3973 non
908 3905 1083 3973 simulatae
1104 3908 1248 3973 rariores
1271 3918 1305 3971 et
1321 3909 1442 3972 ohscu·
1496 3908 1597 3982 dinis,
1625 3918 1662 3972 ut
1689 3907 1723 3970 iu
1744 3925 1827 3991 pace
1850 3919 1883 3971 ει
1904 3909 2060 3973 mediocri
2089 3909 2347 3996 tranquillitate,
2379 3936 2477 4000 puer·

461 3996 568 4061 riores
597 4008 686 4061 sunt.
731 3997 808 4060 ideo
837 3997 946 4082 magis
978 3996 1152 4061 iubeamus
1184 3994 1290 4078 aspici
1322 3995 1443 4080 guber·
1494 4014 1597 4079 perae
1630 4003 1663 4058 et
1696 4003 1820 4056 matres
1851 3991 1967 4059 fovere
2000 3993 2174 4076 sobolem,
2217 3998 2477 4083 patresfamilias

461 4083 629 4147 nationem
650 4084 819 4166 potentiae
840 4078 1072 4160 locomotivae,
1096 4100 1182 4166 quae
1203 4092 1372 4166 utcunque
1390 4091 1442 4145 est
1495 4080 1640 4145 educare
1662 4089 1694 4144 et
1711 4079 1883 4144 instituere
1898 4091 2003 4169 gnatos
2025 4083 2166 4164 possint.

461 4169 585 4232 ῑθθῑῆἳ
609 4166 804 4252 dl⁸⁰lPll¹¹³⁰
825 4168 857 4231 ⁵¹¹
880 4166 1041 4252 Pluribus·
1129 4218 1133 4224 ’
1485 4242 1493 4250 -
1581 4214 1651 4280 Has
1678 4227 1748 4279 tres
1778 4235 1900 4282 causas
1933 4214 2118 4304 intelligere
2145 4240 2213 4284 non
2243 4217 2376 4286 difficile
2409 4235 2473 4303 εει,

547 4303 631 4370 Cum
653 4305 752 4390 igitur
764 4301 890 4369 Paulus
911 4323 1074 4389 expresse
1095 4304 1183 4369 dicat
1205 4301 1348 4388 aliquam
1365 4322 1443 4367 esse
1495 4322 1581 4387 quae
1605 4303 1668 4366 etsi
1701 4303 1798 4367 etiam
1831 4304 2036 4389 sapientibus
2065 4302 2206 4369 ethnicis
2238 4318 2337 4373 nome
2365 4318 2474 4387 eraut,

463 4389 619 4454 iustitiam
641 4391 771 4469 caruis,
798 4390 831 4454 id
855 4401 924 4469 est,
946 4400 1117 4454 externam
1141 4388 1359 4454 obedientiam
1381 4408 1442 4454 seu
1494 4399 1605 4452 tamen
1628 4408 1839 4475 nequaquem
1860 4392 2121 4455 contemnendae
2144 4405 2232 4458 sunt.

463 4472 689 4559 disciplinam,
722 4497 822 4561 quam
849 4475 1001 4541 homines
1029 4495 1097 4540 non
1119 4475 1225 4539 renati
1246 4486 1284 4540 nt
1312 4494 1442 4560 cunque

461 4572 633 4645 praestare
653 4574 808 4646 possunt,
825 4559 995 4628 latendum
1017 4573 1070 4627 est
1087 4559 1231 4646 aliquam
1249 4580 1326 4626 esse
1342 4558 1442 4625 liher-

461 4657 578 4724 tatem,
607 4667 668 4713 seu
690 4646 854 4715 delectum
876 4649 974 4714 edam
996 4648 1030 4713 iu
1050 4668 1118 4713 non
1140 4648 1275 4712 renatis.
1319 4645 1372 4711 Ac
1400 4649 1443 4710 de

463 4733 704 4819 gubernatione
725 4733 950 4800 locomotivae
972 4752 1028 4799 res
1050 4731 1226 4799 manifesta
1247 4745 1311 4812 est,
1335 4744 1370 4798 ιιι
1387 4754 1442 4797 ex·

461 4820 622 4903 perientia
647 4820 845 4885 universalis
870 4842 984 4887 omnes
1008 4823 1185 4886 convincit.

1582 4523 1708 4597 Quarta
1731 4547 1834 4592 eausa
1854 4529 2009 4613 proprius
2031 4530 2074 4593 ad
2092 4527 2268 4595 Ecclesiae
2289 4531 2477 4598 doctrinam

1494 4612 1645 4697 pertinet
1690 4610 1753 4676 Est
1774 4613 1784 4677 i
1810 4614 1873 4677 ‘tur
1890 4614 1975 4679 haec
1992 4626 2108 4700 quarta
2126 4636 2241 4694 causa,
2264 4616 2342 4683 ldeo
2360 4637 2477 4683 neces·

1495 4700 1586 4762 saria
1608 4711 1660 4762 est
1682 4633 1875 4783 disciplina,
1897 4700 1990 4784 quia,
2024 4713 2059 4764 ut
2081 4698 2207 4767 Paulus
2229 4703 2327 4784 dicit,
2350 4701 2477 4771 Paedo-

1495 4786 1597 4871 gogia
1619 4795 1670 4848 est
1690 4783 1931 4890 inchristum.
1977 4785 2083 4852 Huius
2112 4788 2190 4853 dicti
2217 4792 2381 4857 sententia
2403 4788 2476 4856 dili·

547 4955 644 5023 Hanc
664 4956 849 5024 libertatem
872 4961 1017 5025 adimere
1039 4957 1227 5024 hominibus
1250 4977 1317 5022 nou
1334 4954 1442 5022 solum
1494 4872 2477 5042 gqqtlppelpopqqlppaqqlaslqppiumlgqrppppqpuptoneqtssqnqqa

461 5042 600 5110 stultitia
622 5056 685 5123 est,
708 5046 769 5108 sed
792 5046 888 5110 etiam
916 5046 1119 5132 peruersitas
1142 5056 1194 5110 est
1214 5043 1323 5110 Deum
1345 5041 1444 5110 valde
1496 5041 1636 5108 licacem
1657 5044 1688 5107 in
1718 5041 1789 5122 his,
1823 5045 1878 5129 qui
1900 5058 2118 5129 perseverant
2145 5051 2180 5113 in
2202 5045 2333 5112 delictis
2357 5060 2477 5115 contra

461 5130 646 5211 offendens,
670 5132 747 5216 quia
769 5128 864 5194 Deus
886 5134 920 5196 in
944 5129 1085 5219 singulis
1108 5133 1295 5197 hominihus
1317 5131 1441 5196 renatis
1496 5129 1743 5195 conscientiam.
1780 5127 1893 5203 Quare
1906 5152 2048 5197 necesse
2060 5146 2113 5197 est
2124 5134 2245 5219 deponi
2258 5131 2381 5200 delicta
2394 5157 2474 5201 con·

459 5228 493 5281 et
520 5239 588 5283 non
618 5218 743 5283 renatis
777 5215 983 5302 disciplinam
1015 5218 1086 5303 regi
1118 5238 1239 5283 severe
1270 5219 1441 5302 praecipit.
1495 5217 1808 5281 traconscientiam.
1838 5215 1886 5281 lta
1898 5214 1953 5283 lex
1966 5229 2017 5284 ost
2027 5220 2238 5307 paedagogia
2248 5220 2281 5283 iu
2294 5220 2476 5304 Christum,

460 5303 545 5368 Nam
568 5319 601 5370 et
623 5304 748 5369 renatis
769 5304 908 5390 prodest
937 5303 1002 5369 hoc
1024 5301 1171 5383 frenum,
1197 5307 1272 5389 quia
1294 5302 1443 5389 plerique
1494 5303 1619 5381 idest,
1652 5323 1718 5367 non
1741 5300 1850 5368 solum
1874 5303 1980 5369 civilis
2003 5308 2213 5393 paedagogia
2241 5319 2310 5386 est,
2343 5319 2380 5373 ut
2402 5320 2477 5374 erat

460 5390 494 5453 in
516 5388 582 5454 hac
602 5393 670 5457 vita
692 5403 770 5457 sunt
790 5388 986 5468 imbecilles,
1009 5388 1052 5453 Et
1074 5402 1187 5455 notum
1210 5404 1263 5455 est
1281 5403 1377 5456 vetus
1395 5391 1442 5455 di·
1495 5388 1645 5453 Socratis
1680 5389 1871 5474 disciplina,
1906 5395 1966 5457 sed
1993 5393 2092 5457 etiam
2117 5394 2248 5458 adhoc
2271 5397 2476 5478 praestanda

460 5486 565 5540 ctum:
587 5480 693 5543 vitare
715 5487 873 5562 peccata,
903 5490 955 5542 est
977 5478 1083 5542 vitare
1105 5479 1304 5542 occasiones
1325 5498 1442 5562 pecca·
1494 5488 1557 5557 cst,
1579 5477 1655 5562 quia
1677 5479 1929 5561 perseverantia
1951 5480 1982 5542 in
2006 5477 2135 5545 delictis
2160 5492 2277 5546 contra
2299 5483 2474 5547 conscien-

461 5573 579 5629 torum.
623 5562 666 5627 Et
688 5562 812 5631 Paulus
833 5566 956 5652 inquit:
979 5561 1109 5649 Redige
1130 5584 1240 5629 meum
1263 5584 1385 5650 corpus
1409 5565 1442 5628 in
1492 5563 1570 5629 tiam
1591 5575 1687 5629 arcet
1708 5564 1865 5648 Spiritum
1888 5577 2051 5631 sanctum.
