5892 6709
481 619 503 684 7
1095 615 1211 685 PillL.
1232 613 1337 682 MEL.
1360 611 1550 681 scntP'ta
1568 606 1848 678 nonnanes.
2464 604 2489 672 8

439 835 442 842 ·
480 806 592 873 buitur
612 825 778 891 personae
799 807 833 871 in
855 803 1041 883 Concreto,
1063 804 1140 891 quia
1159 803 1226 868 hae
1248 801 1335 868 duae
1365 810 1481 866 natu·x
1509 811 1564 865 tur
1584 796 1674 863 hunc
1700 817 1816 862 verum
1837 794 1964 874 Deum,
1985 793 2042 878 qui
2063 811 2103 857 se
2123 787 2280 877 patefecit
2307 791 2412 856 misso
2435 790 2491 858 Fi·

479 911 551 972 rae,
573 893 677 976 idm,
704 904 739 959 et
758 903 879 959 natura
900 903 1090 975 assumpta,
1111 899 1190 956 sunt
1209 908 1311 955 unum
1331 885 1459 971 ὅφιιπά·
1509 883 1566 949 lio.
1609 883 1653 948 Et
1673 879 1773 947 simul
1799 891 1872 946 tres
1899 897 2064 965 personas
2091 879 2274 956 intueatur,
2305 888 2340 943 et
2366 876 2492 944 fiducia

479 1000 578 1060 prro.
852 976 856 986 '
1510 968 1702 1035 Mediatoris
1723 978 1815 1053 petat
1837 968 1980 1052 gratiam
2001 976 2037 1030 et
2055 962 2124 1030 alia
2145 961 2315 1030 beneficia.
2347 961 2354 970 '

726 1263 729 1268 ’
808 1302 1123 1414 aramentum.
1715 1289 1818 1412 [sun
1847 1289 1992 1378 unca
2022 1290 2275 1403 nonam]

542 1514 1302 1687 suchansasseruntur·
1734 1545 2269 1651 Quaestuexuoruo

544 1687 637 1777 Ergo
658 1709 726 1754 nou
748 1685 843 1795 aliter
865 1687 901 1752 lit
922 1709 981 1773 per
992 1684 1110 1752 Filium
1131 1707 1230 1772 quam
1252 1704 1315 1771 per
1327 1683 1460 1751 Patrem
1598 1730 1692 1797 LEX
1708 1727 1910 1796 MORAL'S
1927 1741 1979 1794 est
1999 1741 2134 1793 mem
2156 1740 2189 1793 et
2205 1730 2339 1792 immota
2360 1728 2493 1812 uppen-

686 1785 720 1839 ἃ
740 1773 898 1857 spmmm
919 1782 1081 1840 mmm
1513 1821 1570 1900 tia,
1592 1830 1625 1885 et
1647 1814 1765 1905 regula
1786 1816 1931 1881 iustitiae
1953 1815 1986 1879 ln
2008 1814 2101 1892 Deo,
2123 1814 2316 1878 discernens
2338 1823 2433 1877 recta
2458 1823 2494 1877 et

1513 1925 1581 1969 non
1614 1915 1725 1980 recta,
1751 1913 1784 1965 et
1810 1897 2013 1965 horribiliter
2043 1901 2194 1963 irascens
2228 1898 2492 1977 contumacibus,

1513 2011 1575 2055 seu
1597 1988 1792 2054 denuntians
1814 1984 2016 2050 horrendam
2038 1986 2119 2049 iram
2139 1985 2304 2049 adversus
2321 1994 2493 2048 contuma-

1513 2077 1609 2153 ciam,
1631 2081 1870 2160 repugnantem
1887 2070 1967 2135 lruic
1984 2071 2090 2134 ordini
2112 2072 2144 2134 in
2160 2068 2248 2146 Deo,
2271 2081 2304 2133 et
2323 2067 2493 2153 patefacta

1514 2172 1566 2226 est
1586 2159 1775 2224 hominibus
1800 2160 1835 2221 irr
1858 2158 2042 2234 creatione,
2076 2167 2109 2220 et
2129 2166 2250 2237 postea
2272 2173 2376 2238 saepe
2396 2173 2493 2238 repe-
2571 2181 2574 2185 “

1512 2248 1589 2324 tita,
1612 2257 1645 2309 et
1667 2240 1835 2307 declarata
1855 2261 1940 2306 voce
1962 2241 2088 2318 divina,
2109 2254 2146 2305 ut
2162 2241 2319 2317 sciamus,
2341 2240 2430 2324 quod
2446 2239 2492 2304 sit

1513 2331 1619 2409 Deus,
1641 2341 1673 2394 et
1694 2326 1804 2414 qualis
1823 2327 1877 2405 sit,
1899 2324 2053 2413 obligans
2071 2343 2186 2389 omnes
2204 2337 2374 2389 creaturas
2392 2325 2493 2387 ratio-

1513 2415 1620 2495 nales,
1643 2425 1677 2479 et
1693 2409 1880 2497 postulans,
1900 2423 1938 2477 ut
1955 2431 2070 2475 omnes
2093 2412 2159 2475 sint
2188 2406 2379 2475 conformes
2399 2407 2490 2487 Deo,

1514 2515 1547 2568 et
1559 2504 1719 2567 damnans
1731 2518 1772 2562 ac
1791 2499 1968 2563 destruens
1987 2517 2102 2561 omnes
2119 2516 2188 2560 non
2200 2493 2389 2561 conformes
2400 2493 2491 2573 Deo,

1514 2589 1579 2652 nisi
1601 2585 1659 2650 liat
1679 2585 1831 2649 remissio
1855 2595 1887 2647 et
1905 2580 2131 2647 reconciliatio
2147 2594 2284 2665 propter
2293 2577 2410 2644 Filium
2421 2577 2493 2642 nte-

1514 2673 1685 2737 diatorem.
1729 2668 1835 2733 Huius
1856 2665 1942 2753 legis
1967 2687 2094 2732 summa
2116 2665 2360 2751 comprehensa
2380 2676 2432 2729 est
2456 2665 2493 2728 in

1513 2754 1707 2840 Decalogo,
1765 2774 1845 2817 uare
1876 2755 2008 2817 nomine
2038 2750 2203 2838 Deculogi
2236 2770 2339 2836 saepe
2369 2751 2492 2835 utimur

1518 2863 1580 2927 pro
1605 2839 1698 2928 Lege
1726 2775 1866 2917 blorali,
1888 2849 1925 2902 ut
1975 2839 2049 2902 uasi
2070 2851 2293 2902 monstremus
2315 2837 2493 2919 praecipua

1515 2929 1634 3011 capita.
1677 2924 1750 2990 Etsi
1773 2936 1882 2988 autem
1906 2860 2029 2988 nullius
2052 2933 2224 2988 creaturae
2253 2924 2414 3007 sapientia
2434 2940 2491 3002 pe·

1515 3014 1603 3077 nitus
1632 3008 1819 3096 intelligere
1840 3007 2049 3094 Decalogunr
2068 3019 2190 3093 potest,
2212 3019 2321 3072 tamen
2343 3009 2491 3072 immuta·

1515 3095 1582 3162 bile
1607 3096 1796 3161 mandatum
1817 3095 1881 3158 Dei
1889 3107 1973 3172 ·est,
2000 3106 2037 3158 ut
2067 3115 2141 3158 eum
2164 3094 2333 3158 discamus
2356 3103 2389 3157 et
2411 3111 2492 3156 con·

568 1941 785 2029 Respondeo.
835 1942 928 2008 Vera
963 1954 1016 2006 est
1051 1940 1136 2007 haec
1163 1936 1315 2027 Regula:
1349 1938 1461 2023 Opera

480 2025 650 2094 Trinitatis
672 2030 715 2093 ad
732 2040 826 2093 extra
848 2040 926 2092 sunt
947 2028 1100 2105 indivisa,
1124 2028 1191 2093 Sed
1203 2037 1338 2091 servata
1350 2026 1460 2090 cuius-

481 2135 546 2199 que
568 2134 732 2196 personae
754 2114 965 2197 proprietate.
998 2110 1100 2176 Filius
1116 2126 1149 2176 et
1159 2114 1302 2197 Spiritus
1321 2122 1460 2176 sanctus

480 2201 661 2266 mittuntur.
704 2198 807 2264 Pater
828 2220 894 2262 non
917 2200 1064 2263 mittitur.
1110 2198 1151 2262 Et
1179 2209 1334 2262 aeternus
1362 2195 1461 2260 Pater

481 2295 535 2349 est
557 2281 693 2362 efficax,
721 2285 782 2348 sed
811 2305 871 2369 per
900 2283 1018 2348 Filium
1047 2294 1080 2348 et
1109 2283 1267 2368 Spiritum
1297 2292 1458 2347 sanctum.

480 2367 582 2435 Filius
605 2370 788 2435 immediate
808 2365 935 2454 profert
950 2366 1167 2453 Evangelium
1185 2390 1228 2432 ex
1244 2369 1320 2432 sinu
1334 2368 1459 2432 aeterni

479 2455 609 2533 Patris,
643 2466 677 2519 et
704 2456 848 2519 ostendit
875 2452 1079 2519 voluntatem
1109 2454 1235 2517 aeterni
1265 2453 1393 2530 Patris,
1426 2463 1460 2516 et

481 2538 708 2605 sanctificatur
729 2539 884 2605 Ecclesia
905 2540 984 2603 dato
1006 2559 1066 2622 per
1088 2559 1162 2603 eum
1184 2538 1309 2622 Spiritu
1332 2548 1459 2601 sancto.

480 2623 539 2689 Sic
560 2626 679 2689 dicitur
700 2624 814 2690 lohan.
834 2625 864 2689 l.
910 2625 1029 2688 Omnia
1049 2643 1109 2707 per
1130 2627 1236 2707 ipsum
1258 2619 1350 2687 facta
1371 2632 1460 2686 sunt.

479 2707 525 2774 Et
546 2707 738 2773 LCorinth.
770 2709 820 2773 15.
863 2707 939 2773 Deo
968 2712 1090 2795 gratia,
1119 2710 1210 2772 danti
1236 2710 1334 2771 nobis
1356 2708 1461 2771 vieto·

479 2796 562 2859 riam
590 2814 651 2878 per
673 2795 850 2860 Dominum
879 2806 1028 2859 nostrum
1056 2794 1164 2859 lesum
1194 2792 1373 2858 Christum.
1417 2791 1460 2856 Et

482 2879 534 2946 sic
551 2879 673 2945 dictum
691 2892 757 2946 est:
779 2879 884 2947 Filius
906 2882 973 2966 agit
995 2898 1056 2964 per
1078 2899 1128 2957 se,
1151 2880 1211 2942 sed
1233 2899 1300 2943 rron
1323 2899 1344 2943 a
1366 2898 1430 2986 se..

501 3203 508 3212 '
1515 3185 1709 3258 sideramus,
1727 3193 1760 3245 et
1776 3178 1999 3265 intelligamus
2016 3181 2107 3243 iuxta
2118 3179 2346 3244 enarrationes
2357 3177 2499 3256 christi,

483 3255 607 3360 Quod
637 3271 700 3340 est
730 3259 944 3341 discrimen
973 3286 1095 3341 verae
1126 3258 1388 3340 invocationis
1420 3260 1462 3340 in
1515 3268 1756 3352 Prophetarum
1784 3278 1818 3330 et
1840 3261 2088 3349 Apostolomm.
2132 3262 2185 3328 Ac
2216 3265 2293 3327 inde
2322 3282 2429 3348 usque
2448 3251 2507 3326 ab'l

481 3376 661 3462 Ecclesia
711 3389 755 3460 et
783 3380 950 3462 aliarum
987 3378 1041 3459 im
1073 3378 1201 3460 iarum
1239 3378 1461 3461 invocatio·
1513 3352 1622 3418 Adam
1643 3354 1795 3435 repetivit
1806 3351 1901 3415 Deus
1922 3361 1957 3414 et
1978 3352 2190 3415 conservavit
2211 3351 2244 3413 in
2261 3347 2414 3414 Ecclesia
2434 3367 2493 3412 vo·

542 3503 552 3514 -
669 3439 679 3481 ’
909 3408 1072 3580 aad
1514 3429 2493 3589 rsrrtnnrnrurnserunensis

813 3610 817 3620 '
1514 3630 1574 3694 per
1595 3546 1705 3673 onlnia
1725 3545 1875 3692 tenrpl'ora
1895 3545 2057 3685 Ιιιιιιιιιιιίι,
2080 3605 2168 3669 hanc
2189 3605 2316 3693 Legem
2338 3625 2416 3670 esse
2438 3623 2492 3668 or·

570 3707 782 3793 Respondw,
815 3707 914 3774 Duae
931 3721 1010 3775 sum
1031 3711 1230 3793 praecipuae
1249 3708 1462 3788 differentiae,
1516 3689 1625 3759 dinenr
1647 3695 1778 3757 divinae
1800 3694 1983 3776 sapientiae
2006 3704 2039 3755 et
2059 3693 2214 3790 iustitiae.

482 3791 658 3880 altera-de
685 3793 842 3860 Essentia
862 3792 937 3873 Dei,
960 3794 1066 3858 altera
1089 3797 1131 3859 de
1155 3792 1343 3860 Voluntate.
1383 3794 1462 3859 Eth-

481 3881 548 3948 nlcl
570 3891 604 3944 et
625 3878 681 3944 alii
701 3880 790 3965 impii
817 3893 941 3966 negant
967 3880 1057 3945 hunc
1085 3901 1163 3945 esse
1186 3881 1312 3957 Deum,
1341 3881 1398 3965 qui
1424 3902 1463 3945 se

460 3962 640 4118 'gatefeclt
667 3966 771 4029 misso
793 3965 894 4043 Filio,
922 3977 1091 4031 aeteruum
1113 3965 1262 4044 Patrem,
1290 3965 1407 4032 Filium
1429 3978 1463 4030 et

1601 3826 1713 3914 Leges
1753 3827 1924 3892 lllosaicae
1964 3828 2132 3892 Forenses
2166 3838 2199 3889 et
2232 3822 2493 3905 Ceremoniales,

1516 3935 1602 4000 quae
1624 3911 1756 3977 fuerunt
1777 3915 1919 3978 traditae
1941 3927 2066 3977 tantum
2089 3915 2131 3976 ad
2153 3910 2241 3976 illius
2266 3909 2399 3997 politiae
2420 3911 2494 3975 nto-

532 4053 639 4116 ffimm
661 4059 823 4115 sanctum·
868 4052 1036 4116 Abermnt
1061 4052 1161 4136 igitur
1178 4052 1310 4116 Effinge,
1338 4072 1461 4116 avem
1516 4002 1627 4066 saicae
1650 4000 1931 4075 constitutionem,
1950 4010 1983 4062 et
2005 4000 2137 4062 tandem
2161 3995 2273 4061 deleta
2290 3995 2403 4081 politia
2420 3995 2496 4059 Mo·

481 4135 557 4202 Deo
592 4148 625 4200 et
646 4134 715 4200 ,110
739 4149 861 4201 mmm,
888 4135 979 4201 alid
1031 4138 1108 4201 ΠΜ
1131 4160 1163 4201 m
1209 4158 1228 4199 0
1263 4160 1295 4200 m
1317 4139 1395 4200 ni.
1516 4088 1607 4151 sulca
1626 4087 1793 4187 extinctae
1815 4095 1904 4187 sunt,
1927 4086 2156 4148 discernantur
2172 4087 2214 4147 ab
2238 4097 2373 4147 aeterna
2385 4081 2494 4228 Lege,

558 4183 570 4213 ⁹
717 4157 740 4222 q
934 4160 956 4202 u
1007 4159 1029 4284 l
1109 4159 1129 4202 a
1188 4160 1263 4202 ⁰¹¹¹
1297 4151 1463 4240 ‘mund'
1515 4191 1601 4320 guae
1623 4168 1761 4234 llloralrs
1780 4182 1975 4234 nornrnatur.
2009 4169 2092 4234 Sunt
2114 4181 2223 4232 antem
2244 4168 2440 4232 Ceremonra
2457 4185 2496 4230 es

426 4323 433 4331 .
482 4223 573 4307 ΨΜ
594 4234 736 4344 ”⁰¹¹‚⁰⁵t
758 4242 858 4286 velus
881 4234 1009 4325 ΨΜ
1024 4234 1124 4326 allus.
1143 4222 1256 4326 Deus'.
1282 4223 1360 4287 ld⁰⁰
1382 4243 1464 4327 ξω
1545 4277 1564 4320 e
1589 4276 1638 4334 es,
1660 4275 1745 4340 quac
1767 4267 1923 4319 externos
1945 4265 2061 4339 gestus
2084 4257 2236 4319 ordinant
2254 4256 2285 4315 irr
2299 4251 2495 4330 Sacrificiis,

459 4317 576 4408 ῬΜ
607 4318 677 4371 est·
711 4305 785 4411 Vq⁸
806 4318 971 4424 ‚¹¹⁰⁵‘'‡¹¹'¹⁵’
1004 4308 1082 4411 quld
1115 4320 1288 4371 ¹¹¹V⁰⁰⁰l¹⁸⁰
1332 4308 1463 4372 Demde
1516 4354 1550 4408 et
1566 4279 1663 4420 loca,
1692 4353 1842 4425 tempora
1869 4352 1902 4404 et
1926 4361 2090 4426 personas
2113 4342 2333 4426 distinguunt,
2367 4349 2399 4401 et
2427 4337 2497 4401 alia

481 4404 638 4478 ¹9¹⁰er
659 4412 899 4478 ¹³¹⁰m¹⁸⁸¹⁰¹¹⁰⁵
922 4402 956 4456 el
973 4391 1200 4457 mmmmm·
1234 4392 1313 4457 ¹⁶⁰⁰
1328 4404 1464 4458 ¹¹¹³¹¹⁰¹¹t
1515 4430 1676 4513 quaedam
1699 4428 1855 4492 exercitia
1874 4439 2012 4490 externa
2033 4428 2236 4503 describunt,
2258 4436 2296 4488 ut
2313 4424 2378 4486 sint
2395 4423 2497 4508 signa

481 4475 517 4541 ¹¹¹
537 4487 696 4580 Pellem
722 4479 943 4582 dubitatimle’
972 4489 1005 4541 et
1032 4480 1202 4592 iglm'ant'
1229 4498 1272 4542 ³¹¹
1301 4489 1334 4544 et
1361 4500 1465 4563 ΨΜ
1516 4525 1550 4579 et
1572 4514 1797 4577 distinctiones
1819 4510 1953 4596 politiae
1973 4510 2144 4577 lllosaieae
2167 4513 2209 4574 ab
2231 4508 2305 4574 aliis
2326 4509 2495 4595 gentibus.

396 4637 401 4656 Ι
483 4564 709 4627 exaudrantur.
754 4564 925 4627 Invocatro
947 4584 1028 4627 vero
1051 4583 1123 4626 stne
1145 4562 1223 4641 fide,
1246 4575 1279 4627 et
1301 4585 1464 4648 oppressa

483 4646 706 4727 dubitatione,
726 4648 833 4712 inanis
855 4660 920 4726 est,
942 4650 1034 4713 iuxta
1051 4650 1188 4713 dictum:
1218 4648 1393 4722 Quomodo
1414 4652 1463 4715 in·
1601 4647 1711 4734 Leges
1733 4649 1898 4713 forenses
1920 4659 1999 4712 sunt
2019 4648 2130 4733 Leges
2158 4649 2200 4711 de
2222 4658 2359 4709 externa
2382 4641 2503 4708 desen-

482 4732 667 4811 vocebunt,
689 4730 719 4796 si
740 4753 808 4797 non
831 4734 991 4799 credunt?
1034 4732 1175 4799 Roman.
1201 4733 1251 4799 10.
1517 4737 1611 4800 sione
1634 4731 1844 4818 disciplinae,
1866 4734 1957 4797 iuxta
1978 4745 2081 4796 totum
2104 4729 2332 4816 Deculogurn,
2355 4730 2398 4792 de
2421 4727 2501 4792 Ma-

1517 4821 1730 4905 gistraubus,
1761 4820 1803 4882 de
1830 4820 1948 4902 poenis
1970 4816 2196 4904 blasphemiae
2219 4829 2251 4879 et
2273 4815 2417 4899 periurii,
2441 4833 2499 4878 se-

539 4955 542 4960 .
570 4898 725 4966 Ecclesia
752 4923 834 4969 vero
868 4901 1046 4989 alloquitur
1076 4924 1189 4970 verum
1218 4903 1345 4985 Deum,
1370 4914 1462 4989 patc-
1517 4907 1660 4982 ditionis,
1682 4903 1860 4983 homicidii,
1878 4901 2041 4982 adulterii,
2065 4906 2107 4968 de
2130 4903 2338 4968 distinctione
2353 4896 2502 4964 faculta-

487 4983 613 5054 tactum
629 4984 816 5053 illustribus
828 4991 1034 5069 testimoniis
1057 5001 1090 5054 et
1108 4993 1261 5076 agnoscit
1279 5011 1352 5056 eum
1374 4991 1462 5056 sicut
1516 5003 1584 5055 turn
1605 4987 1661 5056 vel
1682 4990 1910 5069 dominiorum,
1933 4992 1976 5055 de
1993 4988 2231 5054 haereditatum
2249 4985 2498 5064 distributione,

444 5086 446 5090 '
482 5090 524 5138 se
588 5069 714 5140 tefecit.
759 5073 830 5140 Scit
851 5076 948 5141 etiam
971 5077 1230 5159 promissiones,
1254 5086 1288 5141 et
1308 5078 1463 5161 agnoscit
1517 5078 1558 5141 de
1584 5077 1702 5160 poenis
1732 5073 1911 5154 furtorum,
1946 5077 1988 5140 de
2018 5076 2133 5139 ordine
2160 5074 2363 5138 iudiciorum.
2407 5070 2503 5143 Quia

482 5155 520 5225 hl
563 5158 723 5237 'toretn,
766 5171 800 5224 et
843 5161 907 5223 scit
948 5159 1057 5225 Deum
1099 5159 1187 5227 velle
1232 5162 1379 5227 invocari
1427 5174 1462 5228 et
1516 5163 1645 5228 etiamsi
1664 5159 1759 5225 Deus
1781 5162 1853 5244 ipse
1875 5173 1926 5224 est
1948 5173 2046 5225 autor
2068 5171 2102 5225 et
2123 5171 2239 5225 custos
2263 5158 2387 5222 ordinis
2408 5153 2499 5241 poli-

483 5242 642 5310 exaudire
663 5241 785 5310 fiducia
806 5244 1014 5323 Mediatoris,
1035 5245 1122 5311 sicut
1143 5247 1216 5332 ipse
1227 5244 1391 5313 Dominus
1412 5249 1461 5313 irr-
1515 5248 1583 5326 tici,
1604 5259 1714 5311 tamen
1734 5245 1885 5311 homines
1907 5244 1979 5311 vult
1996 5266 2074 5311 esse
2086 5265 2212 5332 organa
2229 5243 2496 5331 gubernationis,

531 5329 573 5394 'tr
600 5327 766 5415 Quidquid
794 5331 953 5416 petieritis
982 5329 1115 5396 Patrem
1147 5333 1180 5396 in
1208 5335 1341 5398 nomine
1373 5354 1461 5413 meo,
1515 5345 1549 5398 et
1564 5329 1636 5398 vult
1658 5333 1807 5417 conspici
1836 5332 1867 5398 in
1894 5334 2011 5418 poenis
2040 5333 2219 5397 discrimen
2241 5340 2333 5393 recte
2362 5338 2398 5392 et
2423 5347 2499 5392 non

528 5414 578 5478 bit
596 5415 705 5482 vobis.
749 5413 1023 5483 Assuefaciamus
1041 5418 1142 5504 igitur
1159 5438 1235 5499 nos,
1257 5420 1348 5484 utin
1370 5421 1462 5485 irruo·
1513 5428 1606 5484 recte
1627 5415 1804 5497 factorum,
1822 5430 1856 5483 et
1876 5416 1947 5484 vult
1964 5419 2115 5504 agnosci,
2132 5416 2240 5481 Deum
2263 5433 2341 5480 esse
2361 5412 2497 5497 sapien·

486 5499 620 5568 catione
639 5521 734 5569 mens
756 5504 880 5590 cogitet
899 5500 1138 5588 patefactiones
1155 5503 1233 5585 Dei,
1255 5516 1289 5571 et
1310 5501 1462 5593 alloqua·
1513 5516 1595 5583 tem,
1621 5504 1755 5585 iustum,
1781 5514 1909 5570 castum
1926 5516 1960 5570 et
1980 5505 2146 5569 vindicem
2167 5499 2342 5580 scelerum,
2364 5511 2399 5564 et
2419 5497 2496 5566 vult
