5892 6709
470 626 531 692 135

469 813 542 886 stis,
575 831 643 878 uon
665 821 743 876 sunt
762 808 1051 894 reprehendenda,
1084 811 1182 875 modo
1206 822 1241 873 ιιι
1263 808 1442 874 ministerio

466 895 602 984 publico
625 918 722 964 suam
742 895 903 962 honorem
919 896 1113 960 tribuamus.

718 1249 853 1316 nain
887 1249 1194 1328 QUAES'l'lO.

468 1478 578 1582 Quid
622 1477 879 1559 sentiendum
923 1490 987 1559 est
1032 1479 1084 1560 de
1125 1479 1442 1562 ordinationibus

802 1595 1115 1681 Ecclesiasticis?

553 1874 682 1965 Regula
711 1879 853 1943 tenenda
886 1888 956 1958 est,
985 1898 1071 1963 quae
1104 1890 1197 1944 extat
1229 1875 1319 1966 aptid
1348 1879 1442 1945 Esai-

467 1985 531 2044 am,
564 1975 598 2028 et
625 1985 647 2028 a
668 1961 803 2028 Christo
836 1963 976 2048 repetita
997 1977 1069 2028 est:
1113 1959 1247 2031 Nullum
1276 1985 1360 2051 opus
1390 1986 1443 2030 es·

466 2071 506 2116 se
543 2045 665 2116 cultum
705 2047 788 2126 Dei,
834 2049 923 2134 quod
952 2046 1046 2114 Deus
1079 2070 1146 2114 non
1179 2053 1290 2135 praeci
1315 2054 1339 2115 it
1379 2071 1442 2116 suo

465 2137 580 2204 verbo.
631 2133 716 2198 Nam
748 2153 791 2198 ne
829 2153 977 2198 erremus
1010 2135 1053 2199 de
1091 2133 1261 2200 voluntate
1328 2139 1376 2216 ei,
1410 2147 1445 2200 ct

466 2221 508 2286 da
540 2222 630 2285 ven's
666 2216 819 2290 cultibus,
853 2216 946 2283 Deus
974 2229 1102 2285 tantum
1134 2217 1211 2284 illos
1244 2219 1354 2286 cultus
1387 2241 1444 2308 ap·

464 2306 596 2394 probat,
629 2323 715 2410 quos
736 2306 809 2388 ipse
838 2322 900 2369 suo
921 2306 1026 2370 verbu
1054 2306 1200 2370 instituit.
1234 2305 1329 2371 Sicut
1350 2304 1444 2371 Chri·

466 2401 539 2456 stus
557 2391 675 2475 inquit:
699 2389 836 2453 Frustra
860 2387 972 2453 colunt
992 2409 1046 2454 me
1072 2392 1236 2456 mandatis
1263 2389 1442 2457 hominum.

464 2474 517 2539 Ac
539 2477 650 2540 statim
673 2473 840 2538 horrenda
862 2472 971 2558 caligo
994 2474 1171 2539 offunditur
1189 2473 1354 2542 hominum
1376 2476 1444 2540 ani·

463 2563 543 2640 uris,
582 2581 657 2645 cum
690 2559 850 2641 obstrepit
889 2560 999 2643 opinio
1032 2578 1074 2623 ex
1107 2558 1257 2626 consiliis
1289 2559 1442 2626 humanis

488 2665 567 2710 osse
588 2645 725 2708 iudicari
747 2646 789 2707 de
811 2641 983 2709 voluntate
1010 2642 1092 2721 Dei,
1125 2658 1159 2710 et
1175 2646 1300 2711 institui
1323 2643 1442 2710 cultus.

463 2664 538 2796 iton
569 2731 693 2794 initium
723 2726 784 2793 fuit
816 2730 849 2793 in
875 2729 998 2795 mundo
1021 2728 1197 2795 idolorum.
1263 2730 1325 2796 llic
1349 2750 1443 2796 error

464 2812 600 2898 depellit
628 2825 755 2877 mentes
787 2834 808 2877 a
840 2832 920 2878 vera
942 2811 1181 2894 consolatione,
1212 2817 1288 2898 quia
1309 2816 1443 2879 abducit

464 2920 524 2964 cas
546 2921 567 2964 a
588 2901 692 2964 verbo
715 2897 790 2976 Dei,
811 2908 846 2963 et
866 2920 887 2962 a
909 2909 988 2964 ¹uera
1011 2900 1162 2964 doctrina
1183 2899 1269 2964 fidei.
1320 2899 1442 2964 lntelli·
1507 2952 1515 2968 .

467 2997 551 3070 gunt
574 2996 683 3048 autem
705 2986 792 3068 impii
816 2981 938 3048 cultum
960 2982 1025 3049 Dei
1049 3005 1151 3069 opuS,
1185 2986 1273 3070 quod
1296 2997 1441 3049 meretur
1475 3047 1476 3050 ,

464 3070 741 3136 condonationem
806 3081 990 3149 cestorum,
1009 3082 1041 3133 et
1063 3069 1130 3134 alia
1152 3073 1298 3153 praemia
1325 3071 1439 3135 diviui-

464 3166 530 3232 tas,
563 3155 631 3220 Sed
653 3174 734 3219 vera
779 3154 902 3218 elinitio
924 3165 988 3232 est,
1021 3151 1144 3219 cultum
1166 3155 1230 3218 Dei
1253 3175 1332 3220 esse
1354 3176 1439 3241 opus

463 3240 652 3305 mandatum
674 3261 694 3303 a
715 3237 791 3304 Deo
815 3251 847 3303 et
867 3236 943 3303 Deo
965 3236 1122 3321 placens,
1157 3242 1251 3304 cuius
1281 3239 1356 3304 finis
1389 3252 1441 3304 est

463 3326 647 3411 proximus,
669 3335 705 3388 ut
726 3323 820 3389 Deus
841 3345 902 3407 per
923 3326 958 3390 id
980 3345 1064 3409 opus
1086 3326 1213 3389 honore
1235 3324 1417 3390 adiicietur.

550 3476 716 3540 Tenentur
748 3497 830 3563 ergo
863 3478 992 3563 regula,
1025 3477 1239 3542 ceremonias
1272 3480 1439 3543 institutas

464 3564 508 3628 ab
530 3562 796 3626 hominihusuon
819 3583 896 3626 esse
918 3559 1028 3640 cultus
1039 3560 1114 3641 Dei,
1137 3582 1199 3626 uec
1220 3565 1339 3628 mereri
1361 3584 1440 3627 con·

463 3648 677 3713 donationem
698 3659 926 3731 peccatorum,
948 3667 1011 3712 nec
1032 3644 1099 3711 alia
1119 3650 1274 3732 praemia.

550 3799 657 3864 Porro
679 3810 715 3864 ut
735 3811 867 3864 constat
888 3796 1045 3884 fugienda
1067 3819 1145 3863 esse
1166 3798 1265 3878 idola,
1287 3801 1333 3865 ite
1354 3798 1440 3866 tales

462 3887 658 3951 traditiones
680 3886 883 3950 abiiciendae
906 3896 994 3963 sunt,
1016 3905 1101 3969 quae
1116 3897 1344 3969 proponuntur
1366 3907 1439 3950 cum

462 3971 527 4036 hec
549 3993 590 4037 su
615 3970 795 4050 erstitioue,
818 3974 909 4056 quod
931 3972 998 4035 siut
1019 3974 1242 4051 necessariae,
1271 3984 1326 4036 aut
1349 3972 1440 4057 quod

462 4059 546 4122 ritus
568 4060 579 4122 i
606 4058 615 4119 i
637 4057 704 4120 sint
726 4055 846 4135 cultus,
867 4068 924 4121 aut
945 4054 1080 4140 placent
1101 4054 1229 4132 Deum,
1258 4069 1315 4122 aut
1335 4077 1439 4121 mere·

461 4155 562 4207 antur
582 4145 739 4225 praemia,
761 4155 798 4206 ut
819 4143 938 4206 massis
959 4144 1154 4220 ubertatem,
1178 4143 1361 4220 victoriam,
1385 4144 1439 4206 de·

461 4226 648 4313 pulsionem
669 4229 872 4305 morborum,
896 4238 952 4290 aut
974 4225 1102 4291 similia.
1126 4225 1268 4292 Constat
1289 4228 1373 4290 enim
1395 4229 1439 4290 ita

338 4339 345 4346 ·
462 4313 614 4379 crevisse
636 4309 744 4390 idola,
768 4314 845 4378 dum
866 4314 964 4376 animi
987 4314 1093 4398 ignari
1116 4313 1287 4376 doctrinae
1310 4312 1439 4390 deiide,

460 4394 691 4481 confugientes
713 4399 757 4462 ad
780 4398 996 4474 ceremonias,
1018 4399 1255 4482 quaesiverunt
1282 4395 1438 4461 auxilium

459 4482 493 4548 in
524 4484 625 4548 variis
652 4481 821 4570 periculis.
888 4482 965 4547 ldeo
993 4479 1079 4547 alius
1101 4495 1243 4547 testatus
1266 4502 1305 4547 se
1326 4494 1439 4566 petere

459 4569 568 4634 bonas
590 4579 815 4652 tempestates,
836 4569 1004 4633 invocavit
1022 4569 1133 4633 lovem
1156 4580 1335 4632 tonantem.
1368 4566 1438 4631 Ali·

459 4674 500 4720 us
522 4665 664 4717 testatus
686 4675 725 4718 se
746 4667 860 4737 petere
882 4655 1071 4731 victoriam,
1105 4655 1271 4718 invomuit
1299 4652 1438 4717 Martem

458 4736 665 4805 bellatorem.
693 4737 823 4804 Deinde
844 4742 972 4824 positae
995 4751 1072 4802 sunt
1093 4751 1232 4816 statuae,
1255 4740 1356 4803 additi
1368 4759 1438 4801 oer-

461 4827 486 4889 ti
509 4826 605 4900 ritus,
627 4845 687 4907 per
732 4846 794 4888 uos
816 4825 1097 4909 putabantDeum
1120 4822 1254 4909 placari.
1300 4822 1357 4888 Sic
1379 4825 1438 4886 iui-

458 4913 506 4976 tio
528 4911 634 4974 crevit
655 4847 864 4990 idoiomania,
887 4932 986 4995 qnam
1003 4922 1122 4995 postea
1145 4912 1287 4973 imitatus
1310 4926 1364 4971 est
1384 4931 1437 4972 or·

1083 619 1196 690 run.
1219 621 1322 688 nnn.
1346 619 1534 690 sonum
1554 617 1852 706 boantum„

2409 616 2476 684 138

1493 809 1659 894 proprius,
1682 820 1715 872 et
1736 807 1885 872 actiones
1906 804 2072 872 buntanae
2092 806 2128 870 ia
2147 802 2213 870 hae
2235 804 2398 870 varietate
2416 825 2474 872 ae·

1494 907 1597 960 tatum
1619 904 1691 958 ctu
1736 894 1892 972 otiorum,
1911 887 2084 976 posmlnnt
2104 891 2294 956 discrimina
2308 890 2506 976 quaedam·

1494 914 1886 1062 temporumfiocorum,
1914 987 1949 1042 et
1970 977 2213 1055 exercitiorum,
2229 988 2267 1042 ut
2287 976 2320 1040 in
2343 973 2474 1044 scholis

1494 1065 1668 1130 distinctae
1689 1073 1766 1128 sunt
1788 1060 1929 1140 classes,
1960 1072 2038 1128 sunt
2058 1062 2183 1145 gradus
2204 1060 2395 1128 bodonem.
2422 1061 2476 1128 lta

1493 1162 1531 1214 ut
1552 1151 1638 1214 sciat
1658 1146 1813 1232 populus,
1836 1148 1969 1233 quando
1991 1147 2256 1214 conveniendum
2284 1147 2327 1212 sit
2348 1147 2395 1212 ad
2414 1167 2475 1214 au·

1494 1237 1633 1300 diendas
1651 1235 1843 1310 conciones,
1866 1244 1899 1296 et
1919 1233 1963 1296 ad
1974 1252 2070 1296 asum
2089 1232 2392 1311 Sacrmnentoram,
2414 1228 2474 1296 ali·

1495 1321 1550 1405 qui
1573 1321 1645 1384 dies
1667 1319 1859 1404 uonrinatim
1879 1315 1932 1382 bis
1953 1319 2056 1382 rebus
2078 1317 2234 1382 destinati
2254 1329 2343 1382 sunt.
2408 1316 2475 1384 llic

1495 1406 1578 1471 ordo
1611 1416 1723 1489 potest
1754 1405 1828 1468 sine
1859 1402 2095 1487 superstitione
2123 1403 2263 1468 servari·
2328 1399 2374 1468 Et
2394 1403 2474 1489 quia

1494 1491 1599 1556 servit
1621 1490 1800 1554 ministerio
1818 1484 2013 1574 Evangelii,
2037 1509 2105 1554 non
2127 1499 2181 1554 est
2202 1484 2392 1554 violandus.
2429 1486 2474 1554 Et

1495 1578 1550 1662 qui
1568 1573 1706 1651 violant,
1727 1576 1773 1640 ita
1795 1585 1832 1640 ut
1853 1571 1908 1639 vel
1930 1584 2065 1657 propter
2085 1573 2198 1638 odium
2218 1568 2393 1658 Evangelii
2413 1574 2473 1638 ab·

1496 1663 1562 1726 sint
1583 1662 1844 1736 mansionibus,
1866 1658 1921 1724 vel
1932 1655 2018 1722 alios
2030 1659 2198 1723 abducant
2218 1678 2281 1723 suo
2303 1653 2472 1742 exemplo,
2533 1693 2537 1698 -

1494 1748 1642 1831 graviter
1662 1757 1812 1829 peccant.
1855 1743 1928 1808 Nec
1949 1744 2111 1808 iuventuti
2124 1744 2340 1822 concedenda
2360 1754 2415 1807 est
2434 1739 2473 1808 ll·

1496 1832 1604 1895 centia
1625 1829 1816 1916 nevligendi
1838 1827 1989 1912 publicas
2012 1830 2228 1894 ceremonias.
2278 1827 2364 1892 Nam
2394 1847 2473 1893 con-

1494 1915 1635 1980 suetudo
1657 1879 1715 1979 tila
1737 1912 1846 1979 adfert
1877 1913 2141 1998 prophanitatem
2162 1911 2346 1979 lithnicam,
2393 1911 2472 1978 ldeo

1495 1998 1688 2083 disciplinae
1710 2020 1815 2065 causa
1837 2011 1914 2062 sunt
1936 1999 2088 2084 cogendi,
2109 2009 2146 2063 ιιι
2166 2000 2317 2063 intersint
2327 1995 2473 2082 publicis

1496 2087 1709 2163 ceremoniis,
1737 2097 1770 2148 et
1803 2084 1937 2149 audiam
1971 2084 2171 2162 conciones,
2202 2093 2240 2148 ui
2270 2083 2323 2148 his
2355 2085 2472 2166 primis

1495 2172 1659 2236 exercitiis
1681 2171 1920 2235 adsueliantad
1935 2170 2156 2234 reverentiam
2173 2187 2274 2234 verae
2283 2165 2470 2256 religionis,

1495 2269 1528 2320 et
1549 2257 1592 2321 ad
1615 2257 1807 2320 discendum
1827 2251 2054 2344 Evangeliunt.

1796 2565 1861 2647 De
1893 2562 2166 2675 Obligatione.
2215 2557 2218 2562 ’

1580 2778 1748 2865 Vulgares
1774 2776 1876 2844 libelli
1910 2779 2050 2844 recitant
2089 2780 2152 2843 tria
2185 2798 2288 2861 opere
2320 2779 2472 2862 Sabbati,

1493 2863 1659 2931 interesse
1683 2866 1879 2929 ceremoniis
1901 2863 2055 2949 puhlicis,
2077 2865 2301 2948 precationem
2323 2877 2356 2930 et
2376 2863 2472 2930 obla·

1493 2962 1625 3016 tionem.
1690 2950 1774 3016 Cum
1804 2952 1890 3014 euim
1914 2951 2134 3014 conveniebat
2155 2946 2323 3029 Ecclesia,
2344 2949 2472 3036 singull

1493 3036 1677 3101 offerebant
1694 3033 1829 3120 aliquod
1851 3054 1980 3099 munus.
2045 3031 2097 3100 Ex
2118 3031 2385 3101 haeredatione
2406 3037 2470 3119 prl-

1492 3143 1579 3187 mum
1600 3119 1710 3207 aliqua
1727 3142 1808 3204 pars
1830 3122 1986 3185 ministris
2008 3120 2158 3184 dabatur.
2202 3117 2343 3206 Reliqua
2361 3121 2471 3185 distri·

1493 3207 1656 3271 bachatur
1666 3206 1877 3292 pauperihus.
1922 3205 2018 3270 llunc
2039 3225 2163 3268 morem
2184 3201 2290 3268 luisse
2312 3220 2345 3270 et
2367 3205 2471 3271 histo·

1492 3292 1561 3356 riae
1583 3302 1617 3356 et
1639 3303 1770 3356 veteres
1792 3291 1945 3355 canones
1964 3300 1996 3352 et
2019 3289 2274 3374 multavestigia
2294 3301 2471 3357 testantur.

1492 3377 1572 3442 lude
1604 3378 1745 3442 enimet
1777 3374 2018 3460 appellationes
2041 3377 2204 3460 quaedam
2224 3375 2335 3442 factae
2357 3378 2472 3442 videa·

1492 3475 1564 3540 tur,
1598 3474 1634 3527 ut
1654 3461 1778 3541 hlissa,
1811 3464 1901 3547 quod
1931 3460 2093 3526 llehraeis
2124 3461 2291 3546 significet
2312 3464 2472 3530 tributum

1493 3566 1555 3612 seu
1577 3544 1795 3612 collationem.
1850 3545 1894 3612 Et
1925 3545 2024 3627 ἀγάπη
2045 3545 2215 3631 significat
2236 3544 2472 3633 eleemosynas

1493 3644 1527 3696 et
1548 3632 1613 3697 hoe
1634 3634 1765 3696 nomine
1785 3633 1949 3698 interdum
1970 3652 2033 3715 pro
2052 3632 2125 3713 ipsa
2136 3629 2472 3716 Synaniabusisunt,

1493 3719 1571 3802 quia
1591 3719 1636 3781 ibi
1658 3716 1893 3803 elcemosynae
1916 3718 2206 3782 distribuebantur.
2248 3716 2398 3784 Manavit
2413 3739 2472 3784 aa·

1493 3817 1559 3867 tem
1587 3800 1771 3888 esentplum
1794 3823 1814 3865 a
1835 3800 1960 3886 populo
1980 3800 2094 3866 lsrael.
2145 3801 2229 3866 Nam
2251 3801 2472 3869 sacrificaturi

1493 3887 1676 3952 afferebant
1692 3888 1867 3966 victimam,
1890 3899 1923 3951 et
1943 3899 2072 3972 partem
2091 3887 2470 3954 dabantsacerdotibus.
2528 3915 2532 3920 ·

1493 3973 1804 4058 ldeoquescriptum
1819 3985 1886 4035 est:
1906 3971 1982 4037 Non
2005 3973 2183 4056 apparebis
2205 3993 2334 4037 vacuus
2356 3979 2471 4038 coram

1492 4080 1555 4123 me.
1621 4058 1725 4123 Recte
1758 4059 1859 4144 igitur
1891 4071 2081 4122 numeratur
2114 4054 2237 4121 oblatio
2258 4059 2345 4123 inter
2365 4079 2470 4142 opera

1494 4142 1642 4221 Sabbati,
1676 4145 1737 4207 sed
1770 4140 1957 4208 collationis
1989 4141 2065 4208 sinis
2097 4144 2306 4208 immediatus
2338 4155 2372 4207 et
2392 4165 2469 4228 pro-

1493 4230 1584 4310 prius
1607 4230 1650 4292 sit
1671 4229 1821 4312 primum,
1843 4242 1879 4293 ut
1901 4230 2069 4291 ministros
2091 4229 2255 4302 iuvemus,
2277 4228 2411 4306 deinde,
2432 4239 2469 4294 ut

1493 4315 1692 4395 pauperihus
1715 4312 1922 4398 opitulemur.
1945 4312 2036 4377 Talis
2055 4310 2179 4377 oblatio
2201 4312 2267 4377 hoo
2291 4312 2357 4377 fine
2379 4310 2469 4380 facta
2550 4379 2554 4384 ,

1492 4396 1602 4481 placet
1624 4398 1708 4463 Deo.
1753 4400 1815 4464 llic
1837 4409 1947 4463 autem
1976 4397 2151 4483 complecti
2176 4400 2336 4462 debemus
2358 4399 2469 4462 omnia

1493 4481 1602 4548 officia
1624 4505 1705 4569 erga
1726 4486 1905 4550 ministros.
1934 4483 2064 4568 Exigua
2087 4485 2247 4569 quaedam
2270 4484 2467 4570 significatio

1492 4583 1544 4633 est
1577 4572 1782 4634 reverentiae
1811 4591 1893 4654 erga
1914 4570 2131 4634 ministerium
2153 4567 2303 4654 vulgaris
2326 4587 2468 4636 consue·

1491 4657 1570 4719 tudo
1605 4655 1762 4719 offerendi
1771 4701 1782 4733 ,
1816 4656 1876 4718 sed
1910 4666 2017 4718 tamen
2041 4655 2125 4719 haec
2149 4674 2281 4739 quuque
2302 4652 2467 4720 laudanda

1491 4752 1542 4803 est
1563 4743 1607 4804 ob
1630 4761 1702 4804 eam
1725 4760 1871 4817 causam,
1893 4741 1969 4824 quia
1992 4737 2176 4824 exemplum
2189 4740 2356 4816 admonet,
2377 4738 2467 4824 quod

1490 4827 1647 4888 ministris
1670 4827 1849 4889 debeamus
1871 4826 2013 4908 gratiam
2036 4837 2069 4889 et
2091 4826 2287 4890 mercedem.
2314 4826 2466 4890 Sciamus

1490 4923 1598 4974 eutem
1621 4911 1733 4974 deberi
1756 4913 1804 4973 eis
1827 4911 1913 4972 omni
1936 4921 2084 4992 tempore
2105 4908 2174 4973 alia
2195 4911 2322 4975 maiora
2343 4908 2464 4975 officia.

459 4998 512 5062 bis
534 4997 567 5059 in
590 4996 799 5059 invocatione
821 5011 1022 5072 sanctorum,
1045 5008 1078 5060 et
1099 4994 1173 5060 aliis
1196 4996 1437 5080 superstitiosis
1491 4994 1665 5060 Caeterum
1698 4997 1930 5078 superstitiosa
1964 4997 2074 5077 opinio
2105 4997 2139 5059 in
2161 4994 2388 5060 oblationibus
2408 4998 2465 5060 im·

459 5082 704 5157 traditionibus,
738 5079 940 5160 lllouastica,
975 5083 1114 5159 ieiuniis,
1137 5083 1311 5145 missarum
1334 5078 1437 5164 appii·
1489 5082 1660 5164 probanda
1683 5092 1751 5158 est,
1784 5077 1892 5165 qualis
1914 5077 1973 5144 fuit
1997 5080 2213 5145 Ethuicorum
2234 5095 2266 5146 et
2289 5078 2466 5149 multorum

461 5169 602 5232 catione.
646 5164 699 5229 De
721 5167 773 5230 his
796 5169 1084 5247 superstitionibus
1102 5169 1254 5232 omnibus
1272 5168 1436 5229 servanda
1489 5166 1612 5229 uostris
1634 5167 1848 5249 temporibus,
1871 5187 1936 5250 qua
1957 5168 2102 5251 iugentia
2126 5167 2263 5230 donaria
2285 5164 2467 5232 attideruut

460 5266 512 5317 est
542 5251 680 5338 regula:
714 5252 830 5336 Fugite
863 5250 1093 5317 idololatriam.
1160 5251 1336 5317 Caeterum
1359 5263 1436 5316 sunt
1488 5253 1519 5314 in
1544 5249 1663 5332 templa
1686 5272 1751 5314 uon
1775 5250 1839 5316 hoc
1874 5253 1954 5328 line,
1988 5266 2023 5316 ut
2045 5252 2212 5315 ministros
2234 5253 2388 5315 iuvarent
2410 5263 2466 5317 aut

459 5336 560 5424 aliqui
582 5337 681 5404 utiles
700 5340 794 5415 ritus,
829 5359 966 5421 quorum
992 5337 1063 5401 finis
1087 5349 1138 5401 est
1159 5336 1325 5420 politicus,
1348 5338 1436 5400 vide·
1488 5357 1667 5420 pauperes,
1707 5338 1767 5400 sed
1802 5339 1877 5421 quia
1906 5341 2094 5402 sentiebant
2126 5336 2200 5401 Deo
2232 5335 2368 5421 placere
2400 5337 2466 5404 hoc

459 5421 547 5502 licet,
581 5428 658 5509 quia
692 5424 838 5489 efficiunt
872 5424 1020 5486 ordinem
1054 5443 1113 5486 seu
1147 5424 1284 5500 εὐιαξίαν
1316 5424 1348 5486 in
1372 5422 1436 5485 hec
1487 5426 1593 5505 ipsum
1618 5442 1722 5506 opus,
1755 5433 1908 5507 tauquam
1934 5420 2056 5487 cultum
2086 5435 2117 5487 et
2139 5423 2299 5488 honorem
2322 5421 2464 5506 peculia·

460 5512 624 5576 communi
647 5514 727 5577 vita.
771 5508 833 5574 Est
854 5511 939 5574 enim
963 5506 1151 5573 intellectus
1170 5509 1295 5572 ordinis
1312 5506 1436 5572 bantini
1459 5537 1461 5554 =
1487 5529 1568 5579 rem,
1602 5519 1634 5570 et
1667 5510 1785 5572 mereri
1817 5528 1855 5571 se
1890 5509 2029 5594 gratiam
2060 5509 2127 5574 hoc
2149 5530 2268 5593 opere,
2290 5511 2374 5574 sicut
2398 5510 2461 5576 hac
