5892 6709
459 655 528 727 88
1093 655 1210 725 i’tm,
1229 656 1335 727 m.
1356 654 1547 726 scum
1561 653 1842 726 monaulon.
2020 662 2023 666 ’
2415 657 2485 731 584

462 860 540 917 aaut
572 848 681 916 corda
709 849 887 916 dilectione
911 870 972 933 per
992 848 1149 935 Spiritum
1165 847 1326 941 ,numum
1352 846 1448 917 hairi-
1497 847 1677 927 rationem,
1699 865 1786 934 quae
1807 855 1926 912 secuta
1947 856 2001 912 cst
2016 842 2147 933 lapsum
2163 847 2344 933 primorum
2362 868 2482 936 paren·

461 943 588 1006 intem
608 936 643 1002 ln
660 936 773 1003 corde.
1496 940 1578 1015 tum,
1600 954 1688 1023 quae
1707 953 1776 999 non
1798 942 1923 998 tantam
1936 952 2055 1019 poena
2072 945 2126 999 est
2136 934 2300 1085 J'mlff'
2366 955 2398 1014 s,
2421 937 2484 1003 sed

1497 1021 1596 1087 ctiam
1617 1031 1800 1108 peccatum.
1844 1016 1996 1086 Membra
2012 1018 2114 1086 inuios
2159 1019 2306 1087 afinrtron
2360 1021 2484 1089 coniit-

549 1107 645 1175 llaeo
662 1094 756 1174 vbona
777 1108 887 1174 omnia
915 1105 1260 1193 comprehenduntur,
1284 1126 1360 1173 cum
1387 1126 1446 1172 no·
1497 1121 1630 1175 mantue
1661 1105 1714 1172 his
1747 1105 1962 1172 testimoniis:
2006 1107 2096 1193 quod
2128 1108 2309 1193 posteritas
2343 1110 2388 1174 sit
2422 1129 2484 1174 rea
2597 1153 2600 1159 -

463 1195 609 1264 minatur
641 1195 764 1260 iustitia
796 1191 989 1282 originalis.
1039 1192 1196 1261 Carentia
1235 1194 1335 1281 igitur
1377 1213 1446 1259 non
1496 1209 1633 1282 propter
1656 1190 1787 1279 lapsum
1803 1192 1985 1279 primorum
2000 1204 2186 1280 parantum.
2223 1192 2320 1260 Rom.
2343 1194 2375 1257 5.
2400 1196 2482 1261 dici·

463 1293 590 1350 antam
623 1292 675 1346 est
705 1294 836 1359 reatus,
868 1280 930 1346 scd
962 1280 1061 1345 etiam
1089 1280 1226 1345 amissio
1247 1280 1445 1367 integritatis
1497 1292 1569 1347 turo
1607 1279 1798 1347 Paruulus
1826 1276 1983 1348 delictum
2011 1281 2046 1346 in
2073 1298 2192 1345 omnes
2212 1277 2366 1346 homines
2388 1302 2483 1347 mors

463 1364 641 1446 namralis,
663 1379 697 1432 ct
720 1368 894 1447 honorum,
919 1386 1004 1453 quac
1023 1364 1164 1433 luissent
1185 1367 1308 1434 addita.
1352 1365 1447 1432 Sicut
1497 1368 1643 1433 humavit.
1696 1363 1828 1432 Deinde
1860 1366 1950 1452 qaod
1988 1365 2182 1453 depravatio
2210 1379 2350 1433 naturae
2382 1363 2484 1433 simul

325 1515 327 1519 .
462 1456 585 1522 usitate
605 1452 787 1540 loquuntur
807 1452 885 1532 scri
901 1466 992 1519 tores
1009 1454 1052 1519 do
1075 1454 1204 1520 viatore
1220 1454 1351 1534 saucio,
1367 1472 1447 1539 spo·
1497 1473 1574 1520 cum
1602 1450 1661 1519 illo
1690 1464 1788 1519 reatu
1813 1454 2016 1532 accesserit,
2047 1472 2116 1519 non
2143 1463 2268 1518 tantmu
2297 1463 2334 1520 ut
2360 1472 2484 1539 poena,

463 1540 579 1610 Mum
601 1560 680 1606 essa
702 1540 867 1626 gratuitis,
886 1540 922 1606 id
943 1551 1007 1620 cst,
1025 1541 1169 1606 desiisse
1184 1538 1350 1606 hominem
1368 1558 1447 1605 ease
1497 1534 1680 1607 sod'ctiaru
1706 1551 1745 1607 nt
1770 1549 1957 1625 peceatum,
2001 1540 2034 1605 id
2063 1549 2133 1619 est,
2167 1537 2312 1617 malum,
2343 1553 2486 1627 propter

461 1624 621 1713 tempium
643 1624 725 1705 Dei,
758 1637 792 1692 et
819 1624 1030 1694 vulneratum
1058 1626 1196 1693 esseio
1224 1622 1446 1707 naturalibus,
1498 1627 1589 1713 quod
1622 1628 1721 1693 miani
1748 1626 1849 1692 homo
1877 1637 1931 1691 est
1958 1645 2038 1693 reas
2058 1636 2215 1691 aeternae
2329 1645 2386 1704 aa,
2417 1625 2485 1691 nisi

463 1713 498 1781 id
526 1725 597 1794 est,
630 1724 781 1778 secutam
806 1732 885 1780 esso
915 1710 1092 1800 caliginem
1132 1714 1166 1778 in
1200 1724 1328 1793 mente,
1360 1732 1447 1799 quae
1484 1714 1543 1779 sit
1574 1712 1665 1779 iacta
1697 1712 1853 1780 remissio
1882 1723 2023 1798 propter
2051 1709 2182 1777 Filium.
2270 1730 2325 1777 am
2354 1710 2483 1778 Paulus

465 1799 572 1888 gignit
593 1795 770 1866 horribiles
792 1800 1025 1878 dubitationes,
1048 1812 1082 1867 at
1103 1810 1253 1866 secatam
1271 1818 1351 1866 esse
1366 1818 1447 1865 con-
1498 1800 1830 1885 exprosse·nominat
1856 1796 1947 1865 hunc
1971 1798 2136 1884 morbum,
2164 1796 2291 1885 legem
2319 1797 2353 1862 in
2380 1819 2486 1865 mem·

464 1886 643 1954 tumaaiam
664 1886 699 1952 ia
725 1886 848 1964 corde,
881 1886 975 1965 item,
1004 1885 1147 1951 Mortem
1174 1895 1208 1951 et
1233 1905 1349 1951 omnes
1372 1905 1447 1950 cor·
1498 1886 1581 1965 bria,
1602 1898 1648 1965 et,
1673 1906 1717 1952 ne
1743 1904 1853 1972 poena
1882 1894 2009 1950 tantum
2037 1880 2254 1973 intelligatur,
2282 1882 2389 1949 addit:
2423 1905 2486 1968 pu·

464 1973 558 2060 poris
586 1968 886 2059 lnrtguesactiones.
943 1972 1014 2038 llac
1046 1969 1188 2058 simplici
1221 1970 1446 2038 declaratione
1499 1985 1661 2059 guentam
1680 1994 1756 2040 cum
1776 1965 1870 2059 Lege
1891 1969 2023 2036 mantis.
2066 1968 2202 2036 Etcum
2223 1970 2360 2036 dicitur:
2391 1968 2487 2036 Ecce

465 2059 691 2138 considerata,
709 2056 932 2125 definitionem
944 2055 1120 2125 Anshelmi
1138 2079 1206 2124 non
1218 2078 1448 2144 aspernamur,
1497 2062 1531 2126 in
1547 2060 1771 2145 iniquitatibus
1793 2069 1977 2143 conceptus
1998 2075 2085 2137 sum,
2105 2069 2140 2123 et
2157 2058 2350 2142 inpeccatis
2362 2075 2488 2122 conce·

465 2144 528 2210 ssd
550 2141 654 2224 multi,
675 2145 731 2231 qui
749 2147 964 2233 quaestiones
981 2146 1014 2210 in
1027 2144 1286 2233 Langobardum
1303 2145 1448 2231 scripse-
1498 2147 1547 2232 pit
1563 2166 1616 2211 me
1638 2156 1744 2211 mater
1763 2164 1850 2224 moa,
1878 2139 2079 2211 vocabulum
2100 2145 2194 2230 priua
2216 2140 2386 2231 significat
2407 2164 2488 2228 pro·

465 2243 556 2312 rant,
578 2245 799 2317 corruperunt
819 2252 893 2298 mm
915 2229 1051 2299 insulsis
1072 2230 1362 2317 explicationibus.
1499 2233 1571 2318 prie
1611 2232 1902 2319 depravationem,
1947 2224 2090 2299 altarum
2135 2229 2303 2319 significat
2348 2231 2490 2314 proprie

1491 2319 1640 2385 *reatum

554 2402 716 2471 Existimo
739 2416 848 2471 autem
865 2404 1088 2472 definitionem
1100 2406 1151 2471 sic
1162 2404 1317 2471 constitui
1334 2423 1450 2492 posse.

466 2488 648 2557 Peccatum
676 2493 814 2578 originis
846 2503 901 2557 est
928 2505 1040 2558 reatus
1072 2505 1211 2578 propter
1231 2487 1363 2577 lapsum
1384 2490 1450 2577 pri·
1569 2564 1572 2570 ,
1841 2487 1870 2555 F
1911 2486 1927 2555 l
1968 2487 2005 2555 N
2043 2486 2059 2555 l
2101 2486 2140 2556 S.

466 2596 596 2645 unorum
617 2590 803 2665 parentum,
832 2589 970 2664 propter
992 2592 1132 2646 naturae
1149 2577 1315 2645 humanae
1332 2578 1452 2665 depra-
