5892 6709
527 637 586 704 tot
1139 633 1253 701 PlllL.
1274 633 1379 700 lllllL.
1401 630 1591 700 SCRIPTA
1610 629 1889 698 coenatica
2463 629 2531 697 tua

625 827 737 933 Quia
767 829 820 911 ae
850 828 975 912 insa
1005 797 1261 911 sentiendum
1292 826 1380 910 ent
1549 816 1698 925 nume
1719 818 1794 883 Neo
1813 837 1899 903 orus
1920 819 2030 924 num
2051 827 2164 903 rotat
2184 814 2258 922 nn
2270 817 2390 882 maen
2411 819 2529 922 nnn.

1551 924 1678 969 omnem
1701 916 1927 989 peccatorum,
1945 924 2023 989 qma
2045 914 2179 987 oportet
2189 900 2342 988 singulos
2353 923 2531 987 accarperc

1550 991 1782 1055 remissionem
1804 1001 2029 1074 peccatorum,
2047 989 2160 1054 Gratis
2181 988 2316 1075 propria
2337 988 2422 1068 fide,
2443 1008 2533 1074 quac

608 1077 827 1142 Sacramenta
850 1088 946 1140 extra
973 1096 1071 1142 usum
1099 1098 1120 1141 a
1141 1073 1277 1141 Christo
1304 1076 1500 1154 institutum,
1551 1076 1665 1140 nititur
1692 1073 1844 1154 Christo,
1876 1071 2068 1140 nonnullius
2094 1072 2230 1140 humani
2261 1075 2373 1158 operis
2400 1076 2532 1140 merito.

521 1183 590 1230 non
613 1176 691 1227 sunt
713 1168 946 1240 Sacramenta,
977 1174 1015 1227 ut
1044 1163 1073 1225 si
1100 1162 1175 1246 quis
1203 1183 1325 1247 aquom
1346 1163 1500 1244 baptismi
1551 1160 1683 1246 Pugnat
1703 1162 1806 1247 igitur
1827 1158 2006 1246 adplicatio
2025 1159 2095 1245 'pro
2115 1157 2191 1226 aliis
2213 1181 2289 1225 cnm
2315 1161 2468 1226 doctrina
2490 1161 2535 1224 na

521 1245 759 1326 circumferret,
776 1248 904 1311 etiamsi
921 1248 1026 1311 verbu
1047 1248 1195 1325 adderet,
1217 1247 1377 1312 theatrico
1395 1266 1500 1326 more,
1551 1243 1628 1311 fide.
1661 1245 1814 1332 Denique
1837 1267 1904 1310 non
1926 1247 2033 1330 magis
2050 1257 2103 1312 cst
2118 1255 2362 1311 sacramentum
2377 1247 2411 1310 in
2422 1243 2532 1310 Missa

521 1354 730 1417 nequaquam
753 1346 843 1396 essct
866 1333 1067 1438 baptismus,
1091 1344 1124 1396 ct
1146 1334 1176 1396 is
1198 1330 1307 1397 cultus
1329 1344 1421 1397 esset
1442 1334 1500 1396 ini·
1550 1330 1732 1416 papistica‚
1764 1352 1864 1417 quam
1895 1331 2039 1398 l'urcica
2070 1343 2128 1397 aut
2155 1331 2290 1397 ludaica
2318 1332 2532 1397 circumcisio

373 1435 383 1452 ·
519 1420 614 1501 pius,
647 1421 693 1481 ita
722 1438 797 1493 cum
825 1440 867 1482 ex
889 1419 1005 1482 boene
1025 1417 1156 1482 Domini
1182 1417 1219 1490 tit
1249 1415 1391 1497 oblatio,
1420 1421 1499 1482 ltem
1551 1429 1603 1481 est
1624 1429 1880 1483 sacramentum.
1924 1417 2017 1483 Dixit
2037 1429 2148 1484 autem
2170 1414 2329 1483 coelestio
2345 1436 2430 1482 vox:
2463 1416 2532 1484 Fu·

520 1521 595 1566 cum
625 1500 809 1585 applicatur
836 1523 898 1585 pro
920 1504 1006 1567 vivis
1038 1514 1072 1567 et
1103 1504 1258 1583 mortuis,
1290 1523 1498 1589 nequaqnam
1549 1504 1620 1589 gite
1641 1499 1874 1570 idololatriam.

519 1598 573 1650 est
589 1588 839 1652 Sacramentum
860 1609 881 1652 a
898 1586 1032 1654 Christo
1055 1591 1247 1655 institutum.
1280 1587 1365 1654 Cum
1386 1599 1499 1654 autem

517 1670 699 1738 sacrificuli
725 1675 758 1736 in
780 1672 887 1737 Missa
908 1671 1048 1738 offerant
1076 1694 1192 1757 panem
1222 1686 1256 1739 et
1283 1673 1395 1739 vinum
1424 1676 1497 1738 sine

517 1753 589 1821 ullo
617 1758 772 1823 mandato
801 1757 884 1836 Dei,
913 1771 946 1822 et
968 1756 1136 1844 applicent
1156 1782 1218 1844 pro
1240 1760 1327 1824 vivis
1349 1771 1382 1824 et
1411 1780 1498 1823 mor·
1976 1756 2101 1823 filiis.

518 1842 597 1920 tuis,
618 1840 797 1930 fugiendae
824 1856 902 1909 sunt
932 1843 1019 1910 tales
1040 1846 1184 1924 nttssae,
1213 1859 1370 1931 tanquam
1390 1842 1497 1910 idolo·
