5892 6709
397 1710 401 1718 '
509 1705 633 1768 tionem
665 1720 751 1765 voce
783 1694 977 1783 Evangelii,
1012 1709 1045 1761 et
1067 1696 1124 1761 dat
1145 1694 1304 1782 Spiritum
1325 1705 1491 1771 sanctum,

396 2132 400 2144 '
512 2152 555 2197 su
575 2128 753 2197 ambulant
797 2127 847 2193 ita
867 2126 1086 2215 Evangelium
1107 2138 1160 2191 est
1181 2123 1373 2192 dulcissima
1399 2128 1493 2187 ἐπιεί·

398 705 401 710 -
508 685 575 753 487
1145 677 1257 747 PHIL.
1280 676 1385 745 hilih.
1406 675 1597 745 scatere
1613 676 1894 745 hadimuot.
1956 695 1966 707 ·
2463 682 2535 753 ⁴oe

568 880 677 992 a,
708 889 753 962 e
781 876 870 961 fir
899 876 992 960 ιιι
1020 886 1168 988 ure
1199 886 1243 956 c
1262 874 1372 957 bn
1391 877 1492 986 ,s-
1542 869 1714 1034 aare
1735 866 2384 1038 ιι...
2404 872 2534 1045 sae

629 1031 675 1084 fa
704 1010 913 1084 merentur
941 998 1071 1081 Vitam
1102 1007 1321 1080 aeternam·
1543 1051 1598 1107 tur
1617 1052 1730 1106 sutem
1750 1060 1841 1106 nova
1862 1040 2061 1118 ohedientia,
2095 1041 2174 1125 quia
2195 1042 2239 1106 ad
2260 1038 2327 1108 hoc
2348 1042 2460 1127 ipsun
2482 1044 2534 1111 vl·

1544 1124 1726 1207 viiicamur,
1749 1146 1793 1191 ne
1814 1145 2007 1192 maneamus
2027 1126 2061 1189 iu
2083 1139 2225 1209 peccato
2243 1139 2278 1193 et
2298 1140 2406 1194 morte
2421 1141 2534 1196 aeus

595 1183 800 1270 Respondeo
822 1182 978 1246 breviter.
1041 1178 1149 1244 Serva
1170 1178 1338 1256 mandata,
1362 1173 1493 1242 scilicet
1543 1234 1605 1278 m„
1626 1213 1690 1277 sed
1711 1213 1871 1299 deincep,
1894 1212 1999 1277 ,imus
2021 1209 2145 1298 templ,
2166 1210 2243 1278 neq·

510 1268 765 1356 complectendo
787 1264 1022 1415 Evanqelium,
1053 1264 1139 1329 Nam
1162 1251 1390 1338 Christusest
1405 1261 1491 1328 finis

509 1356 624 1445 Legis.
667 1355 721 1420 Ao
742 1373 875 1438 semper
911 1350 1062 1439 agalibus
1085 1351 1184 1415 dictis
1207 1369 1349 1415 necesse
1372 1348 1501 1413 estad·-

916 1441 935 1457 ..
1026 1439 1029 1444 -
1256 1437 1265 1454 .
1467 1436 1477 1455 .
1628 1382 1691 1449 Est
1723 1373 1756 1449 et
1787 1382 1854 1451 alia
1875 1380 2057 1468 splendida
2088 1382 2213 1450 solutio
2246 1404 2309 1450 seu
2337 1388 2533 1472 responsio.

510 1446 591 1549 ‘deff
613 1461 731 1547 v⁰⁰qm
762 1436 948 1543 Emgeln’
983 1440 1073 1544 ΨΜ
1096 1440 1196 1542 ‘¹⁰9⁶‘
1227 1436 1310 1501 Μ
1342 1455 1492 1539 tempe*
1543 1467 1678 1556 Duplex
1709 1480 1762 1535 est
1792 1467 1979 1543 absolutio,
2007 1465 2126 1535 Altera
2146 1474 2278 1556 privata
2301 1475 2534 1540 conscientiae
2567 1504 2572 1511 ·

509 1527 581 1595 han
613 1526 797 1605 hommem,
828 1538 862 1591 et
885 1524 984 1590 simul
1006 1524 1157 1590 inchoan
1185 1543 1308 1588 novam
1337 1523 1492 1586 chedren·
1541 1552 1698 1621 luemutis
1722 1575 1797 1621 oum
1818 1556 1867 1622 im
1884 1556 1961 1622 Μ,
2005 1554 2042 1620 qn
2064 1554 2130 1622 ΗΜ
2152 1555 2363 1623 absolutione
2383 1578 2535 1627 nem

510 1617 599 1696 5³¹⁰,
620 1635 697 1679 ⁰¹1¹ss
716 1612 821 1677 F‘slllss
842 1610 907 1676 Del
929 1609 1077 1678 Vllffifflt
1099 1630 1177 1689 ⁰⁰¹2
1198 1610 1314 1674 ‘¹5⁰³OE
1338 1604 1493 1674 ⁰⁰⁰⁸⁰¹¹²'
1543 1652 1597 1707 est
1616 1640 1772 1730 intelligi,
1795 1644 1900 1731 gratis
1930 1641 1996 1707 fide
2024 1643 2132 1791 acciqi
2153 1646 2384 1710 remissionem
2404 1666 2534 1732 pecca·

1543 1739 1652 1795 torum
1673 1742 1811 1815 propter
1833 1730 2059 1795 hiediatorem.
2119 1731 2184 1794 deo
2201 1728 2257 1795 hic
2276 1732 2398 1817 inquit:
2427 1732 2534 1798 Fides

412 1832 414 1836 ·
510 1784 994 1939 retractatas
1014 1778 1238 1954 assa
1254 1778 1493 1943 strabae
1542 1825 1608 1967 rs
1621 1812 2222 1986 qqghgpg,
2244 1814 2379 1920 ω..
2400 1829 2532 1904 ts,

511 1959 624 2111 Kiacet
655 1969 793 2044 propter
822 1954 1060 2034 Mediatorem,
1094 1965 1129 2020 ut
1160 1952 1257 2020 Rom.
1290 1952 1323 2019 8.
1356 1952 1493 2016 dicitur:

543 2043 613 2111 ulla
633 2065 723 2110 nunc
746 2043 979 2109 condemnatio
1000 2054 1054 2107 est
1075 2039 1139 2120 his,
1161 2041 1265 2127 quiin
1289 2037 1423 2104 Christo
1445 2036 1517 2100 ier
1630 2070 1748 2139 Altera
1778 2070 1946 2140 absolutio
1980 2083 2034 2137 m
2060 2071 2195 2157 publica
2224 2094 2339 2139 comm
2360 2073 2533 2156 Ewloeh

1543 2161 1577 2224 in
1599 2161 1664 2227 hae
1687 2160 1837 2246 conspici
1860 2178 2002 2224 necesse
2019 2162 2126 2225 estah
2143 2157 2219 2227 aliis
2240 2161 2429 2227 testimonie
2447 2181 2533 2229 cou-

1543 2247 1720 2326 versionis,
1741 2258 1779 2311 ut
1799 2246 1854 2311 hic
1876 2244 2030 2311 Christus
2059 2247 2205 2311 ostendit
2226 2247 2432 2325 Pharisaeo‚
2468 2268 2533 2316 eur

1544 2353 1619 2397 eam
1647 2333 1795 2417 recipiat,
1829 2333 1907 2418 quia
1941 2342 2054 2397 extent
2086 2333 2186 2418 sigua
2219 2334 2466 2413 conversionis,
2496 2344 2533 2401 et

1544 2419 1677 2504 quidem
1697 2418 1756 2484 illa
1778 2438 1882 2502 opera
1903 2418 2030 2496 recitat,
2044 2439 2194 2569 1quorum
2217 2420 2385 2488 contraria
2406 2430 2550 2504 μεθῶ·

1546 2516 1581 2569 ta
1599 2507 1692 2571 'sunt
1722 2507 1756 2571 in
1785 2503 1978 2570 Pharisaeo.
2076 2524 2138 2570 aec
2158 2502 2275 2570 mulier
2297 2506 2533 2592 agnoscitne

1545 2611 1625 2657 vere
1648 2612 1725 2658 esse
1747 2591 1916 2667 Messium,
1939 2611 1960 2655 a
1980 2611 2034 2656 me
2055 2591 2137 2674 petit
2157 2602 2191 2655 et
2212 2591 2333 2675 accipit
2359 2592 2533 2658 mmhsic-

1544 2698 1620 2743 nem
1653 2690 1687 2743 et
1718 2675 2033 2755 reconciliationem,
2060 2697 2170 2741 meum
2191 2674 2411 2763 Evangelium
2432 2679 2468 2743 in
2490 2697 2533 2745 ea

1545 2760 1670 2829 efficax
1692 2776 1754 2841 est,
1776 2765 1872 2849 ungit
1889 2764 2001 2912 qedes.
2022 2782 2115 2828 meos
2137 2760 2302 2843 lacrimis,
2322 2766 2357 2829 id
2378 2775 2447 2844 est,
2471 2766 2533 2830 be·

1545 2832 1667 2916 nesacit
1698 2851 1857 2915 ministris
1920 2846 2076 2928 eclesiae,
2108 2861 2145 2915 tu
2178 2863 2294 2914 cenna
2327 2860 2436 2915 tumes
2464 2849 2532 2916 hac

510 2927 588 3057 ἵξῃ
610 2904 807 2971 ⁸⁸5⁸f⁸⁰⁶r⁰
827 2904 912 3009 Ligi
935 2905 967 2967 in
1000 2905 1064 3009 ¹¹3⁰
1085 2904 1170 3009 'dia'
1202 2903 1264 2966 ⁵⁰⁶
1286 2902 1337 2965 ⁸³⁰
1358 2898 1495 3003 Phieoe
1545 2934 1632 3001 falsa
1654 2938 1883 3022 persuasione,
1904 2937 1994 3020 quod
2011 2937 2119 3002 iustus
2142 2936 2190 3000 sis
2214 2932 2409 3022 disciplina,
2431 2958 2532 3004 secu·

527 3012 602 3098 ‚⁰⁰⁹
624 3014 699 3057 ⁰⁰⁰¹
720 2989 823 3096 hami
844 2990 958 3055 F¹d⁰¹¹¹
981 3003 1014 3055 ‘t
1032 3001 1187 3056 mimam
1200 2991 1494 3093 b⁰¹¹³⁰.⁰⁰¹¹⁸⁰¹.⁰¹¹'
1543 3043 1603 3089 rus
1625 3044 1693 3089 uon
1715 3024 1874 3111 agnoscis
1896 3024 1978 3087 iram
1990 3022 2052 3087 Dei
2074 3022 2239 3087 adversus
2260 3024 2452 3089 interiorem
2470 3024 2531 3089 im·

511 3088 589 3145 hae
633 3078 706 3143 Nec
726 3090 878 3163 sequitur
900 3078 988 3143 bona
1010 3097 1114 3162 opera
1135 3093 1213 3140 esse
1233 3087 1384 3141 mentum
1405 3084 1494 3139 vitae

510 3177 680 3244 aeternae,
712 3166 790 3251 quia
811 3162 897 3228 fides
918 3161 1120 3248 praelucens
1141 3163 1245 3248 gratis
1267 3160 1389 3247 accipit
1416 3180 1495 3245 pm·
1544 3110 1746 3176 munditiem·
1785 3186 1796 3215 .›
1811 3109 1943 3174 Deind‘l
1960 3129 2032 3215 ⁰⁰¹¹,
2050 3110 2212 3214 ⁰3⁰⁰?ssss
2233 3129 2287 3173 ¹¹¹⁰
2308 3128 2388 3188 08⁵⁸
2409 3107 2532 3175 Messi·

1470 3244 1479 3265 .
1544 3217 1617 3262 am:
1638 3217 1706 3261 non
1726 3206 1814 3283 petis
1835 3218 1856 3259 a
1878 3214 1930 3259 me
1953 3214 2194 3261 remissionem.
2237 3194 2331 3260 llaec
2358 3205 2432 3260 tota
2452 3217 2533 3261 nar·

502 3266 583 3403 'ffel
600 3251 818 3316 M⁶di³¹⁰r⁰m
839 3251 1067 3355 seffsssimfn
1088 3262 1314 3333 mmmmm’
1342 3266 1495 3314 'emm'
1545 3285 1629 3348 ratio
1652 3284 1771 3347 recitat
1788 3281 1886 3367 signa
1908 3279 1995 3347 fids.
2062 3281 2184 3345 Posset
2204 3282 2216 3345 i
2241 3281 2307 3345 itur
2332 3283 2531 3348 brevissime

537 3351 681 3404 amnem
702 3351 735 3403 ⁹²
751 3338 987 3403 mmmmm
1009 3349 1098 3403 ΜΒ
1119 3348 1285 3401 aeternae·
1545 3370 1621 3449 dici,
1644 3369 1805 3433 nominari
1826 3368 1926 3454 signa
1948 3366 2025 3433 fidei
2046 3389 2108 3453 pro
2126 3370 2199 3453 ipsa
2217 3302 2301 3434 ddez
2322 3373 2411 3432 sicut
2429 3368 2464 3433 in
2476 3388 2531 3433 ea·

1545 3457 1621 3521 dem
1642 3456 1831 3522 narratione
1843 3450 2000 3519 lacrimae
2011 3453 2223 3519 nominantur
2237 3473 2300 3539 pro
2317 3456 2542 3529 contritione»,

512 2243 578 2283 asto
598 2216 715 2303 Legis,
738 2217 865 2281 docens
887 2213 1024 2299 placere
1045 2215 1079 2279 in
1102 2213 1291 2291 conversis,
1313 2231 1389 2276 cum
1410 2209 1493 2275 fide

512 2303 718 2370 reconciliati
741 2299 832 2381 sunt,
852 2300 1040 2366 inchoatam
1051 2300 1284 2378 obedientiam,
1305 2316 1494 2384 quanquam

512 2391 651 2456 haerent
674 2388 784 2454 adhuc
816 2390 849 2452 in
867 2389 965 2453 nobis
987 2386 1099 2472 magni
1121 2387 1229 2450 morbi
1250 2384 1439 2461 interiores,
1460 2393 1495 2447 et

511 2473 617 2541 multa
647 2476 800 2541 incendia
827 2493 1007 2559 pravorum
1039 2472 1232 2549 affectuum,
1265 2470 1355 2535 sicut
1389 2468 1495 2554 inquit

511 2559 683 2627 Psalmus:
706 2562 773 2626 Pro
797 2572 849 2627 ter
870 2566 993 2625 nomen
1014 2570 1107 2623 tuum
1128 2557 1271 2623 Domine
1294 2556 1494 2642 propitiabe-

512 2651 560 2714 ris
581 2658 733 2733 peccato.
807 2659 821 2709 t
843 2644 969 2712 Paulus
992 2646 1035 2709 de
1057 2642 1121 2708 hac
1143 2650 1287 2733 tannem
1316 2645 1505 2714 concinna,

511 2746 567 2799 tur
588 2734 757 2819 inquiens:
789 2730 897 2796 Milite
928 2734 1050 2797 bonam
1073 2728 1221 2795 militiam
1242 2730 1372 2794 habens
1395 2727 1496 2792 fidem

512 2831 545 2886 et
566 2822 688 2886 honam
710 2818 960 2883 conscientiam.
1004 2818 1090 2883 Hinc
1111 2836 1180 2881 non
1200 2816 1362 2901 sequitur,
1390 2814 1494 2878 homi·

969 3657 1042 3723 ΧΠ.
2020 3699 2026 3706 .

693 3830 819 3943 Lucae
832 3829 865 3894 7.
889 3831 932 3897 de
952 3826 1091 3897 muliere
1111 3747 1316 3913 peccatricet
1986 3760 2091 3843 ml

1606 3951 1712 4039 Cum
1743 3954 1898 4038 dictum
1929 3956 1998 4038 sit:
2029 3954 2190 4037 Delicta
2218 3955 2308 4066 quis
2328 3956 2528 4068 intelligit,

1666 4076 1802 4213 Nemo
1852 4087 1990 4188 potest
2044 4076 2181 4159 omnia
2231 4106 2305 4160 sua
2356 4090 2528 4189 peccata

1602 4225 1920 4428 Ergaqulossibile
1942 4328 2006 4399 est
2032 4315 2241 4399 hominem
2266 4317 2421 4402 habere
2452 4318 2529 4403 de·

593 4433 808 4520 Respondeo.
853 4431 1008 4497 Cluistus
1030 4427 1204 4497 manifeste
1225 4430 1371 4496 nominat
1392 4431 1436 4495 hri
1457 4441 1492 4496 et
1662 4438 1801 4521 fictum
1833 4438 2020 4548 ignotum
2049 4448 2214 4549 propter
2244 4440 2357 4549 quod
2388 4440 2527 4552 dispfi,

508 4522 622 4590 Ftdem
645 4536 679 4588 et
700 4520 922 4587 dilectionem.
952 4516 1035 4583 Cum
1053 4529 1165 4583 autem
1186 4516 1271 4581 fides
1292 4517 1491 4602 nominatur,

508 4607 694 4676 excluditur
713 4613 873 4674 meritum.
918 4604 1004 4679 Quia
1025 4603 1109 4669 fides
1131 4597 1258 4669 tant'amr
1285 4605 1399 4669 nititur
1419 4602 1490 4669 Me-
1662 4572 1754 4642 eeat
1783 4558 1885 4641 Deo·
1948 4555 2085 4658 Quare
2116 4586 2200 4640 ¹¹⁰¹]
2229 4572 2292 4643 est
2317 4557 2527 4647 affirman·

508 4698 648 4775 diatore,
680 4706 714 4761 et
745 4694 867 4780 accipit
899 4694 1099 4777 promissam
1131 4690 1390 4755 misericordiam
1412 4710 1489 4776 pro·
1661 4681 1761 4762 dum
1792 4678 1904 4790 quod
1934 4679 2094 4790 placeat
2123 4678 2226 4763 Deo,

508 4794 584 4869 pter
606 4802 691 4847 eum.
735 4780 830 4847 Haeo
851 4779 1032 4864 responsio
1054 4789 1107 4843 est
1127 4774 1270 4862 simplex
1291 4791 1325 4844 et
1343 4778 1415 4843 sine
1427 4776 1490 4843 So·

507 4868 662 4956 phistica.
1209 4902 1213 4908 ·
1626 4860 1839 4948 Respondes.
1884 4860 1980 4948 Nego
1994 4864 2278 4950 consequentiam,
2300 4873 2334 4927 et
2356 4863 2440 4929 ratio
2459 4875 2526 4946 est,

1541 4951 1618 5038 quia
1650 4949 1838 5016 firmissime
1868 4950 2040 5015 retinenda
2062 4962 2116 5014 est
2138 4948 2269 5036 regular
2304 4948 2422 5015 Omnis
2444 4971 2525 5016 cou-

524 5081 547 5123 0
594 5038 664 5106 cor
685 5039 785 5125 igitur
808 5051 842 5104 et
863 5036 1073 5105 dilectionem
1095 5036 1267 5103 nominati
1286 5036 1489 5122 Respondeo
1540 5057 1660 5103 versus
1682 5038 1726 5102 ad
1747 5035 1857 5101 Deum
1879 5049 1970 5101 recte
1991 5049 2110 5102 tenens
2131 5035 2401 5115 fundamentum,
2425 5037 2525 5103 dehet

497 3946 501 3954 ·
568 4009 848 4096 Remittentur
877 4008 916 4092 ei
945 4021 1113 4120 moesta
1133 4007 1272 4111 multa,
1303 4006 1410 4117 quia,
1429 4005 1492 4089 di-

627 4132 730 4214 lexit
758 4130 943 4213 multum.

567 4252 676 4363 Ergo
706 4255 873 4364 propter
903 4250 1170 4346 dilectionem¹
1191 4248 1240 4331 fit
1269 4247 1490 4353 remissie.⁴

390 5163 395 5174 ·
492 5125 606 5195 'etiam
628 5124 885 5212 simplicissime,
906 5128 1027 5191 usitata
1038 5124 1259 5212 synecdoche
1281 5138 1344 5203 est,
1367 5122 1489 5189 Remit·
1541 5126 1678 5189 credere
1700 5143 1739 5188 se
1761 5120 1897 5209 plaeere
1913 5123 1999 5203 Deo,
2021 5137 2054 5188 et
2075 5122 2216 5190 haedde
2237 5124 2408 5203 invocare,
2432 5124 2524 5210 quod

507 5225 621 5280 tuntur
654 5215 684 5278 ei
712 5208 828 5291 multa,
861 5213 939 5297 quia
974 5229 1140 5276 conversa
1162 5224 1227 5290 est,
1256 5222 1293 5275 ut
1314 5210 1435 5276 Esaiae
1459 5211 1488 5274 l.
1563 5224 1678 5296 ropter
1699 5208 1913 5276 Mediatorem
1934 5207 2068 5296 placeat
2093 5223 2127 5277 et
2149 5211 2360 5290 exaudiatur,
2393 5211 2524 5277 etiamsi

426 5377 429 5382 ¹
508 5301 644 5367 dicitur:
678 5296 820 5364 Auferte
852 5297 975 5364 malum
1009 5299 1247 5385 cogitationum
1284 5308 1488 5363 vestrarumz
1538 5233 1640 5362 dehet
1661 5295 1785 5361 delicta
1802 5298 2020 5382 ignorantiae,
2042 5300 2128 5365 siout
2150 5299 2183 5361 in
2207 5300 2360 5363 omnihus
2383 5299 2523 5364 homini·

409 5388 419 5408 ‘
460 5459 462 5464 ,
507 5385 545 5451 Si
567 5384 688 5452 inerint
720 5394 862 5470 peccata
896 5396 1011 5449 vestra
1033 5396 1069 5449 ut
1091 5385 1275 5464 coccinum,
1297 5385 1387 5450 eritis
1410 5405 1506 5450 cans
1540 5386 1604 5449 hus
1628 5405 1750 5468 magna
1771 5382 1889 5448 haeret
1909 5383 2093 5451 infirmitas
2145 5384 2198 5448 Ac
2219 5386 2522 5470 proptereatradi·

480 5473 574 5539 'didi
596 5476 683 5539 siem
704 5475 772 5539 nix.
816 5470 858 5536 Et
880 5470 1066 5537 Hieremiae
1086 5469 1119 5537 3.
1164 5467 1402 5537 convertimini
1429 5467 1487 5535 filii
1539 5482 1593 5535 tur
1625 5470 1777 5536 doctrina
1810 5472 1852 5535 de
1875 5472 2070 5536 remissione
2090 5482 2228 5555 propter
2256 5471 2391 5548 Filium,
2429 5472 2522 5536 iuxta

421 5565 431 5574 '
484 5572 714 5650 ¹revertentes
747 5570 781 5624 et
812 5560 943 5625 sanabo
975 5577 1049 5623 vos.
1115 5555 1269 5644 Denique
1289 5560 1412 5624 usitata
1434 5568 1487 5622 est
1539 5558 1644 5623 dicta:
1672 5555 1769 5623 Beati
1787 5577 1941 5644 quorum
1973 5567 2053 5623 suat
2074 5557 2235 5623 remissae
2257 5558 2467 5644 iniquitates,
2489 5568 2522 5624 et

503 5642 590 5714 hace
612 5644 846 5736 synecdoche.
889 5644 1016 5711 Tamen
1037 5644 1210 5712 sciendum
1226 5654 1289 5725 est,
1311 5663 1398 5731 quae
1419 5644 1487 5709 sint
1508 5621 1516 5721 Ι
1537 5665 1678 5732 qnorum
1699 5655 1789 5712 tecta
1810 5654 1889 5711 sunt
1908 5657 2066 5730 peccata,
2099 5646 2176 5730 quia
2197 5645 2232 5709 in
2253 5646 2352 5710 nobis
2374 5664 2443 5711 nnn
2466 5655 2520 5712 est
