5892 6709
374 713 377 722 ι
469 659 570 754 eoo
1098 681 1210 749 unu.
1226 681 1331 749 omn
1349 680 1537 750 senum
1553 677 1831 748 commum.
2353 693 2357 703 ³
2430 681 2516 751 ooo.

472 873 595 956 stolos,
616 872 808 958 Prophetas
825 860 894 939 etc.
949 870 1060 938 Docet
1081 872 1166 937 enim
1183 891 1256 937 eam
1278 891 1357 937 essc
1378 892 1455 958 pro·
1506 867 1647 957 stipulas
1670 881 1735 935 cto.
1762 869 2026 936 Fundamentum
2047 866 2204 956 intelligit
2218 851 2499 958 articulos⁸iidei,

471 964 543 1047 prie
562 954 763 1041 Ecclesiam,
784 959 817 1023 in
840 978 906 1044 qna
927 956 1081 1025 Christus
1099 969 1152 1025 est
1172 955 1310 1037 efficax,
1344 968 1379 1024 et
1402 960 1455 1024 cui
1506 959 1574 1042 hoc
1593 966 1657 1036 cst,
1679 976 1839 1022 summam
1862 955 2033 1021 doctrinae
2054 953 2284 1036 Christianae,
2317 968 2352 1023 et
2374 958 2499 1028 doctri·

472 1049 532 1113 dat
551 1067 653 1114 veros
677 1047 847 1111 doctores.
1505 1063 1583 1109 nam
1604 1044 1647 1114 (le
1669 1041 1840 1108 beneficiis
1862 1039 2000 1123 Christi,
2021 1042 2084 1107 sed
2105 1043 2150 1107 ad
2170 1040 2272 1123 hanc,
2293 1044 2414 1132 inquit,
2436 1048 2499 1112 ad·

1314 1182 1318 1188 .
1506 1130 1584 1194 dent
1606 1127 1662 1194 alii
1680 1126 1792 1195 utilem
1807 1129 2001 1202 ,doctrinam
2022 1139 2056 1194 et
2073 1127 2348 1215 explicationem,
2382 1143 2417 1198 et
2438 1153 2499 1201 ve·

556 1218 635 1284 ldeo
668 1238 744 1282 cum
773 1216 926 1282 obiicitur
957 1216 1056 1280 nobis
1087 1234 1209 1280 nomen
1232 1223 1266 1281 et
1292 1216 1453 1281 autoritas
1505 1235 1563 1280 ros
1582 1213 1694 1281 cultus
1712 1212 1913 1299 spirituales,
1936 1213 2029 1279 llaec
2050 1226 2162 1293 vocat,
2184 1236 2312 1281 aurum.
2344 1214 2415 1283 Alii
2436 1221 2500 1285 ad-'

469 1301 654 1382 Ecclesiae,
676 1304 817 1388 primum
840 1301 1102 1381 consideremus,
1118 1321 1161 1366 an
1184 1300 1242 1366 fiat
1262 1304 1385 1367 mentio
1398 1321 1455 1367 vc·
1505 1302 1584 1367 dent
1606 1299 1760 1386 stipulas,
1781 1302 1815 1366 id
1837 1311 1902 1379 cst,
1923 1301 2098 1386 opiniones
2120 1301 2363 1382 incommodae,
2384 1315 2420 1369 et
2437 1302 2498 1371 ali·

469 1412 528 1462 rae
551 1387 747 1467 Ecclesiae,
780 1408 823 1453 an
842 1408 924 1456 vero
946 1399 1064 1453 coetus
1086 1386 1301 1468 Pontificum,
1322 1400 1356 1453 et
1377 1407 1454 1453 soc-
1505 1388 1585 1473 quid
1607 1389 1731 1453 erroris
1754 1388 1937 1466 habentes,
1969 1387 2065 1453 Sicut
2086 1387 2179 1453 initio
2201 1389 2313 1453 statim
2336 1391 2500 1458 conditae

470 1477 635 1541 cessionis
659 1472 748 1539 illius
771 1486 805 1538 et
821 1471 971 1560 politiae,
993 1494 1057 1538 nec
1079 1493 1143 1538 uos
1166 1473 1316 1539 sinamus
1338 1495 1359 1538 a
1380 1494 1454 1539 ver·
1504 1486 1583 1554 sunt
1604 1475 1826 1553 ceremoniae,
1848 1491 1934 1561 quae
1955 1493 2072 1541 secum
2092 1482 2268 1540 sumunt
2293 1471 2401 1542 lalsas
2423 1479 2497 1564 opl-

468 1565 513 1628 bo
534 1559 600 1627 Dei
621 1559 783 1627 deterreri
803 1555 894 1626 salso
915 1570 1089 1646 praetextu
1109 1559 1250 1627 nominis
1267 1557 1452 1626 Ecclesiae.
1504 1561 1633 1626 niones.
1674 1633 1681 1654 ·

555 1731 730 1810 Secundo,
753 1729 936 1817 Postquam
954 1732 1165 1809 dictumest,
1198 1731 1350 1817 quaesit
1373 1752 1455 1797 vera
1590 1729 1636 1796 Ut
1657 1730 1871 1797 Ambrosium
1891 1725 2042 1796 existimo
2069 1749 2148 1796 esse
2169 1750 2287 1798 verum
2306 1691 2499 1803 membran

468 1817 636 1900 Ecclesia,
657 1820 723 1886 iam
744 1818 932 1884 addendum
944 1829 1007 1896 est,
1028 1817 1242 1884 hanoveram
1254 1814 1453 1897 Ecclesiam,
1503 1814 1691 1883 Ecclesiae.
1734 1816 1768 1882 ls
1800 1828 1910 1882 tamen
1942 1819 2048 1905 inquit
2069 1818 2112 1882 de
2132 1817 2254 1883 ieiunio
2273 1820 2499 1908 quadragesi·

469 1906 1221 2058 t⁰tt⁵tsim⁶etti⁸2itffl.3t”.⁰tt.h¹t
1234 1905 1455 2055 illitis
1505 1900 2499 2062 ittdistillatus.{iminium

467 2013 691 2144 l‘addlusocam
715 2059 817 2142 vocat
840 2011 962 2142 segdem,
978 2077 1138 2142 veritatis.
1179 2074 1251 2141 Sed
1273 2035 1359 2141 bado
1380 2077 1456 2161 ipsa
1507 2075 1595 2141 fidei.
1848 2012 1872 2076 p
1909 2069 1912 2073 ’
2080 2011 2103 2075 p

365 2245 367 2250 Δ
468 2185 551 2228 vcra
560 2161 716 2230 Ecclesia
738 2160 840 2227 habet
854 2163 1045 2267 doctrinam
1063 2160 1149 2227 alias
1171 2162 1277 2246 magle
1298 2159 1385 2266 alias
1396 2162 1454 2225 mi·
1621 2248 1629 2266 ι
1745 2241 1779 2309 Ὗ
1866 2247 1971 2312 ddidit
1991 2251 2198 2315 mmmm
2250 2260 2310 2315 m
2333 2269 2413 2315 mm
2435 2251 2498 2316 'a'

468 2259 982 2417 thiliiffittitttiit
1002 2248 1179 2414 diiii}
1199 2243 1456 2424 &dimili
1476 2299 1483 2385 t
1503 2245 1891 2420 aedilitatis.
1914 2335 2131 2427 ,enus-na.
2148 2271 2333 2401 nsueti
2350 2334 2499 2402 aaut.

468 2419 664 2507 telligcbant
686 2431 764 2486 ante
785 2418 910 2485 Christi
928 2421 1220 2499 resurrectionem,
1243 2416 1342 2503 quale
1362 2429 1455 2484 asset
1503 2421 1707 2506 praeconiis,
1729 2439 1804 2484 cum
1825 2419 1957 2505 quidem
1978 2421 2022 2485 ab
2033 2418 2204 2506 Episcopo
2225 2442 2288 2488 suo
2310 2419 2497 2506 repreben-

467 2505 612 2574 ioturom
639 2525 778 2593 regnum
798 2504 933 2573 Christi.
977 2505 1097 2572 Petrus
1125 2507 1223 2570 ctiam
1243 2516 1322 2589 post
1342 2505 1454 2570 datum
1505 2507 1648 2572 deretur.
1691 2504 1791 2579 Quod
1812 2516 1923 2572 autem
1943 2526 2011 2571 non
2033 2508 2077 2570 sit
2097 2506 2175 2576 leve
2196 2518 2361 2587 amabam,
2396 2509 2497 2575 insti·

467 2594 624 2678 Spiritum
657 2605 810 2658 sanctum
841 2591 953 2658 adbuc
974 2592 1217 2678 imaginabatur
1234 2588 1344 2655 cultus
1365 2589 1453 2677 legis
1503 2596 1599 2657 tuere
1620 2593 1731 2658 nouos
1753 2588 1875 2671 cultos,
1896 2606 2135 2677 saepemonct
2155 2596 2334 2680 scriptura,
2355 2603 2390 2658 et
2408 2597 2510 2662 satis-

467 2679 682 2745 necessarios
717 2698 808 2757 esse,
843 2679 905 2742 sed
934 2678 977 2742 dc
1011 2674 1108 2743 coelo
1130 2676 1317 2742 admonitos
1339 2678 1454 2742 didicit
1504 2677 1671 2765 significat
1698 2674 1784 2742 haec
1813 2697 1881 2743 una
1912 2679 2096 2745 sentcntiae
2139 2679 2281 2746 Frustra
2301 2676 2419 2746 colunt
2439 2699 2500 2747 me

468 2787 486 2829 r
553 2786 609 2830 um
642 2762 767 2829 Christi
800 2783 867 2827 non
896 2782 975 2828 esse
1007 2759 1153 2848 politiam
1184 2760 1369 2843 iudaicam,
1391 2765 1453 2829 sed
1474 2763 1480 2818 Ι
1502 2765 1666 2829 mandatis
1700 2762 1879 2828 hominum.
1930 2763 2044 2830 Grave
2075 2779 2252 2851 peccatum
2283 2776 2338 2832 est
2368 2777 2499 2833 contra

469 2872 510 2917 cu
527 2862 580 2917 tus
602 2849 807 2936 spirituales,
824 2870 867 2915 ac
888 2859 1080 2936 perpetuos,
1103 2848 1179 2914 Act.
1204 2848 1255 2914 10.
1501 2852 1642 2955 primum
1674 2861 1905 2950 praeceptum,
1933 2848 2043 2915 cultus
2076 2872 2144 2918 non
2173 2853 2348 2956 mandatos
2370 2874 2393 2917 a
2415 2852 2498 2920 Deo

426 3087 428 3092 .
462 3090 466 3099 ,
554 3021 680 3088 Postea
697 3020 1112 3107 inchoatapraedicatione
1127 3017 1381 3104 Apostolorum,
1401 3017 1452 3086 lu·
1501 2938 1703 3108 lplltlrtlrluedrlm
1718 2938 2039 3105 alqutoquqqogquqos
2061 2936 2318 3104 llfflsfrdffl
2330 2959 2498 3110 plagabili&

468 3111 564 3174 cebet
585 3110 619 3173 in
635 3108 719 3192 ipsis
743 3109 895 3173 doctrina
915 3129 1001 3191 pura
1022 3118 1056 3173 ct
1076 3108 1264 3191 perspicua,
1285 3116 1320 3170 et
1340 3118 1472 3172 tamen
1500 3106 1627 3176 alienos
1650 3106 1770 3173 cultus.

465 3195 593 3260 interca
616 3197 712 3259 croht
733 3191 825 3258 multi
846 3194 979 3274 iulirmi,
1002 3195 1058 3279 qui
1080 3194 1211 3258 tametsi
1234 3203 1349 3258 essent
1370 3213 1452 3258 vera
1778 3254 1781 3257 .
2272 3250 2275 3254 .

461 3277 806 3360 membraEcclesiae,
830 3290 863 3346 et
884 3291 1037 3345 tenerent
1056 3277 1217 3344 articulos
1235 3279 1323 3358 fidei,
1340 3289 1451 3344 tamen
1588 3277 1778 3366 Cyprianus
1810 3289 1909 3365 urget
1935 3298 2064 3364 poenas
2097 3281 2301 3361 canonicas,
2347 3303 2499 3368 quarum

465 3365 589 3452 aliquid
612 3368 779 3432 addebant
799 3368 935 3446 erroris,
955 3378 994 3433 ut
1015 3367 1071 3452 qui
1093 3366 1321 3431 observabant
1339 3364 1450 3431 cultus
1501 3377 1582 3432 tunc
1604 3377 1677 3430 erat
1697 3385 1793 3445 usus,
1823 3376 1857 3432 et
1878 3364 2053 3431 confirmat
2074 3368 2269 3453 opiniones,
2300 3370 2402 3454 quasi
2424 3371 2498 3435 sint

464 3449 564 3539 logis,
581 3472 644 3517 nco
667 3456 751 3517 satis
769 3449 1000 3538 intelligebant
1016 3453 1268 3538 abrogationem
1288 3447 1395 3600 leqis,
1418 3463 1452 3517 et
1502 3453 1726 3531 necessariae,
1750 3464 1783 3516 et
1803 3463 1942 3601 proqrter
1962 3473 2021 3518 eas
2043 3454 2417 3537 remittanturpcccata,
2440 3455 2509 3521 ln·‘·

466 3558 567 3603 ueros
590 3536 712 3602 cultus.
748 3538 812 3601 llic
829 3559 924 3601 error
941 3559 1008 3602 non
1031 3550 1103 3602 erat
1124 3537 1221 3618 levis,
1255 3549 1289 3602 ct
1306 3540 1451 3623 aiquam
1501 3540 1632 3605 tardum
1653 3539 1758 3625 inquit
1779 3541 1864 3603 abso
1879 3539 2024 3603 utionein
2044 3542 2118 3605 sine
2139 3538 2206 3605 illis
2224 3537 2374 3606 inutilem
2398 3562 2496 3610 esse.

465 3625 643 3710 caliginem
675 3621 867 3688 offundebat
894 3621 1044 3689 articulis
1076 3622 1164 3688 ildei.
1217 3627 1265 3689 lta
1297 3621 1451 3688 Christus
1500 3624 1662 3690 Fortasse
1693 3625 1859 3690 sentiebat
1891 3626 2115 3704 commodius,
2148 3647 2246 3712 quam
2266 3625 2409 3694 locutus
2428 3640 2497 3695 est.

464 3710 626 3796 praedicit
655 3710 696 3773 de
729 3705 887 3792 Ecclesia,
914 3708 1076 3794 postremi
1108 3710 1288 3793 temporis,
1320 3706 1450 3774 suturas
1501 3709 1626 3776 Tamen
1655 3707 1702 3775 illi
1733 3730 1866 3776 errores
1888 3732 1957 3776 non
1979 3724 2057 3777 sunt
2078 3710 2189 3792 levae,
2223 3716 2286 3780 scd
2307 3715 2497 3782 admodum

463 3816 603 3882 magnae
626 3796 795 3874 tenebras,
818 3816 904 3880 quae
921 3797 1020 3859 etiam
1038 3793 1365 3880 electosimpedient,
1383 3816 1450 3880 quo
1502 3797 1627 3862 densae
1659 3794 1819 3879 stipulae,
1852 3797 2070 3864 obscurantes
2091 3821 2209 3883 puram
2236 3802 2427 3869 doctrinam
2447 3803 2510 3870 de.

463 3884 571 3982 minas
592 3902 711 3967 puram
733 3881 917 3983 doctrinam
937 3879 1081 3946 habituri
1098 3881 1175 3948 sint
1501 3882 1673 3949 beneficiis
1695 3880 1833 3963 Christi,
1856 3883 1950 3949 etde
1972 3883 2049 3949 fide.

549 4052 666 4120 Manet
689 4055 789 4141 igitur
805 4050 918 4139 aliqua
950 4072 1032 4118 vera
1063 4049 1233 4131 Ecclesia,
1266 4073 1353 4139 quae
1373 4031 1478 4119 reti·÷
1587 4054 1694 4120 Porro
1728 4074 1831 4139 saepe
1854 4055 2044 4140 Scriptores
2067 4058 2273 4123 commodius
2296 4072 2496 4141 senserunt,

462 4153 519 4207 net
541 4137 703 4206 articulos
727 4139 823 4217 fidei,
856 4139 919 4203 sed
940 4138 1104 4204 interdum
1131 4140 1239 4204 minus
1261 4160 1384 4222 puros,
1417 4151 1451 4207 et
1524 4163 1601 4208 uam
1622 4139 1816 4226 loquuntur,
1838 4143 1915 4226 quia
1937 4139 2088 4229 plerique
2109 4141 2242 4209 fuerunt
2252 4146 2435 4212 admodum
2457 4150 2504 4216 in.

464 4231 665 4292 obscuratos
698 4223 864 4310 aliquibus
898 4226 1117 4290 incommodis
1151 4226 1378 4308 opinionibus,
1417 4240 1451 4292 et
1502 4163 1653 4292 docendo
1676 4225 1885 4316 negligentes
1908 4241 1941 4292 et
1962 4231 2143 4314 improprii,
2166 4244 2201 4297 et
2217 4229 2496 4298 multassenteu·

463 4313 664 4377 habentibus
693 4311 819 4397 aliquid
853 4314 988 4376 erroris.
1032 4310 1085 4374 Ac
1117 4308 1239 4395 loquor
1271 4310 1380 4377 adhuc
1408 4314 1450 4377 de
1501 4315 1565 4377 tias
1587 4333 1629 4377 ac
1651 4310 1812 4379 formulas
1833 4311 1973 4401 evulgo
1995 4328 2205 4395 mutuantur,
2237 4319 2271 4381 in
2293 4318 2495 4403 quibusali-

462 4400 552 4465 veris
573 4397 750 4464 Ecclesiae
768 4397 942 4475 membris,
975 4408 1009 4461 ct
1031 4395 1178 4474 Sanctis,
1209 4415 1278 4461 non
1301 4397 1343 4463 de
1364 4395 1449 4478 aliis,
1526 4401 1581 4464 uid
1602 4402 1690 4465 incst
1711 4420 1871 4481 errorum,
1893 4400 1939 4465 Ut
1955 4422 2076 4467 nomen
2100 4402 2363 4470 satisfactionum
2387 4409 2496 4472 sumit

463 4485 517 4571 qui
536 4488 658 4549 amissa
680 4482 756 4549 luce
779 4485 893 4561 verbi,
925 4484 1077 4548 amittunt
1099 4482 1256 4568 Spiritum
1284 4496 1449 4564 sanctum,
1500 4421 1709 4573 {agustinus
1731 4484 1889 4574 evulgo,
1913 4488 2041 4553 etiamsi
2064 4510 2197 4556 errores
2219 4493 2261 4557 de
2281 4489 2506 4560 satisfactio.

463 4583 496 4635 et
528 4584 713 4655 sequuntur
744 4572 882 4635 rationis
904 4570 1077 4646 iudicium,
1109 4580 1144 4633 et
1167 4591 1252 4654 ‚cum
1274 4582 1388 4654 putent
1409 4592 1448 4635 se
1499 4574 1597 4638 nibus
1629 4572 1740 4658 palem
1772 4574 1994 4659 reprehendit.
2038 4574 2187 4661 Torquet
2204 4598 2242 4642 sc
2264 4580 2299 4643 in
2320 4577 2389 4644 bac
2411 4601 2495 4646 sen·

359 4697 364 4724 t
462 4657 639 4722 admodum
662 4659 717 4741 pia
739 4659 883 4735 tradere,
906 4657 1019 4720 dicunt
1039 4654 1149 4721 aliena
1167 4666 1201 4721 et
1222 4657 1331 4740 impia.
1376 4657 1447 4723 stc·
1499 4663 1599 4725 tentia
1631 4662 1896 4744 interpretanda,
1926 4660 2031 4726 Omne
2060 4676 2234 4746 peccatum
2256 4677 2309 4729 est
2331 4663 2493 4734 volunta·

462 4756 499 4808 ut
532 4763 622 4808 nuno
655 4763 788 4829 quoque
820 4741 914 4808 multi
947 4755 1025 4808 sunt
1045 4753 1256 4828 praestantes
1285 4744 1446 4823 doctrina,
1498 4745 1593 4824 rium,
1615 4747 1674 4811 ubi
1694 4748 1839 4830 disputat
1862 4749 1904 4811 dc
1921 4761 2062 4831 peccato
2085 4750 2240 4835 originis,
2274 4773 2350 4817 cum
2372 4764 2493 4820 tamen

333 4889 338 4898 .
437 4831 560 4912 ‚bonis
583 4832 744 4908 moribus,
766 4830 1106 4914 speciepietetiS,qui
1122 4829 1275 4894 videntur
1289 4830 1354 4894 sibi
1369 4850 1447 4895 san·
1497 4834 1660 4898 sententia
1677 4833 1722 4897 sit
1739 4828 1836 4910 civile
1857 4834 1992 4911 dictum,
2025 4836 2236 4920 dex—externis
2260 4835 2395 4904 delictis
2419 4849 2492 4905 tra·

462 4917 612 4982 ctissime
634 4916 756 4994 dicere,
778 4938 853 4981 cum
870 4913 990 5000 procul
1012 4918 1123 4982 absint
1144 4909 1355 4995 averaluce,
1378 4917 1445 4983 hoc
1497 4920 1610 4984 ditum.

462 5015 526 5084 cst,
548 5023 670 5069 avaro
693 5000 864 5067 intellectu
885 5000 1065 5088 verhiDei.
1083 5001 1139 5067 Dc
1155 5000 1277 5068 talibus
1299 5004 1445 5068 nondum

397 5139 400 5148 .
461 5088 594 5175 loquor,
626 5110 742 5156 verum
774 5089 883 5178 adhuc
915 5100 1041 5154 tantum
1074 5087 1111 5153 fit
1144 5091 1268 5154 mentio
1292 5089 1445 5155 deveris
1582 5088 1640 5155 Sic
1662 5102 1786 5156 uocant
1807 5110 1946 5156 coenam
1968 5090 2102 5157 Domini
2125 5091 2341 5174 oblationem,
2355 5098 2490 5182 -populi

460 5178 619 5243 membris
639 5173 830 5251 Ecclesiae,
859 5195 944 5260 quae
976 5196 1099 5263 magna
1120 5193 1163 5240 ex
1183 5186 1279 5261 parte
1300 5189 1378 5242 sunt
1399 5177 1446 5241 in·
1495 5195 1601 5255 more,
1634 5197 1708 5242 cum
1740 5196 1808 5242 non
1840 5179 1885 5243 sit
1896 5180 2056 5272 ¹instituta
2077 5176 2219 5258 oblatio,
2241 5183 2302 5246 sad
2325 5180 2490 5252 Christus

461 5263 567 5329 firma,
1257 5261 1262 5270 ‘
1496 5263 1568 5347 ipse
1589 5260 1690 5328 fuerit
1706 5262 1887 5342 Sacerdos,
1908 5286 2004 5330 suum
2026 5253 2170 5332 olierens
2192 5267 2408 5335 sacrificium.
2426 5271 2490 5337 -Ac

1496 5368 1541 5413 ne
1562 5347 1662 5415 fiebat
1673 5351 1806 5436 quidem
1824 5347 1903 5415 olim
1924 5352 1958 5416 io
1980 5356 2169 5418 ceremonia
2182 5353 2329 5431 Coenae,
2350 5355 2489 5424 oblatio

547 5435 606 5501 Sic
627 5435 729 5521 igitur
754 5434 861 5521 inquit
889 5429 1033 5499 Paulus:
1071 5433 1335 5501 Fundamentum
1355 5432 1444 5501 aliud
1497 5435 1648 5519 corporis
1670 5438 1915 5523 etsanguiuis,
1938 5438 2098 5504 sedante
2120 5444 2411 5508 consecratIonem
2432 5440 2489 5510 of·

460 5539 560 5586 nemo
580 5533 694 5625 potest
714 5541 859 5608 ponere,
891 5529 1028 5605 praeter
1048 5519 1082 5586 id
1126 5521 1195 5589 uod
1214 5524 1358 5605 positum
1379 5532 1444 5588 est.
1495 5519 1688 5588 iocabantur
1709 5543 1827 5607 panes,
1849 5535 1883 5588 et
1904 5522 1990 5590 aliae
2007 5543 2074 5597 res.
2097 5541 2140 5590 ct·
2149 5525 2322 5593 Sacerdos
2345 5530 2489 5596 dicebat

460 5605 533 5686 Sed
550 5604 639 5674 ahos
656 5606 915 5702 superaedificat
934 5626 1061 5687 amun,
1118 5607 1171 5674 ius
1191 5604 1336 5694 lignum,
1352 5606 1447 5676 alins
1495 5628 1535 5674 se
1555 5606 1678 5675 offerre
1698 5629 1830 5694 praees,
1852 5611 2033 5698 gratiarum
2048 5613 2226 5693 actionem,
2247 5613 2488 5688 atotnmcnl-
