5892 6709
445 622 514 688 ,ειε
1083 613 1195 734 ram.
1213 558 1323 705 ¹rma
1345 612 1535 700 sonum
1552 612 1865 680 nourtanna..
1951 589 1954 594 “
2276 581 2282 590 ’
2398 614 2467 683 sao

448 791 612 897 Loquitur
645 817 755 874 textus
788 826 856 872 non
878 807 921 871 de
942 805 1109 883 essentia,
1141 804 1203 869 sed
1231 803 1273 867 de
1306 798 1430 869 officio.
1484 803 1562 870 dnm
1583 806 1772 884 estetiam,
1796 797 2480 889 (γιιεε“ιοοιιλιιι1εελςιιλλὶεειιιιιιιιιιιειιις4

449 897 646 964 Nominibus
669 905 779 959 autem
801 889 901 957 officii
923 905 1017 957 recte
1039 892 1170 956 additur
1183 891 1321 956 verbum
1340 892 1431 968 fecit,
1483 909 1570 975 quae
1591 910 1783 975 personam,
1804 901 1842 955 ut
1861 901 1953 955 recte
1975 891 2106 967 dicitur,
2128 888 2213 972 λόγος
2228 891 2389 955 assumsit
2405 887 2468 958 hu·

450 985 542 1071 quod
564 979 742 1067 significat,
764 976 870 1044 libera
891 975 1062 1044 voluntate
1084 977 1249 1042 ordinarit
1270 995 1332 1040 seu
1354 996 1433 1041 con·
1483 995 1613 1039 menam
1634 987 1797 1055 naturam,
1814 996 1882 1039 non
1905 977 2024 1041 dicitur
2045 977 2177 1054 usitate,
2198 973 2285 1056 λόγος
2306 977 2469 1041 assumsit

450 1071 569 1136 stituitt
603 1068 698 1133 Sicut
720 1067 824 1131 verbo
847 1064 1070 1130 constituendi
1092 1064 1194 1128 utitur
1221 1058 1383 1126 Psalmus·
1399 1062 1430 1127 2.
1483 1060 1648 1126 hominem
1681 1064 1760 1142 (etsi
1791 1062 1995 1148 hac‘phrasi
2028 1062 2130 1126 utitur
2150 1074 2249 1127 vetus
2284 1060 2468 1129 cantilena:

451 1155 526 1242 Ego
549 1165 660 1221 autem
678 1152 834 1218 constitui
855 1163 889 1216 te
911 1147 1037 1238 Regem
1058 1170 1178 1229 areum,
1200 1168 1260 1213 seu
1282 1148 1432 1214 ordinavi
1483 1161 1705 1233 suscepturus
1732 1146 1914 1222 hominem)
1942 1169 2018 1212 nam
2041 1148 2142 1212 homo
2166 1158 2220 1213 est
2241 1168 2364 1214 nomen
2383 1150 2468 1215 inte·

453 1252 546 1307 certo
568 1241 643 1305 ritu.
706 1237 819 1310 Quare
840 1250 875 1302 et
892 1238 1010 1303 Petrus
1031 1238 1065 1300 in
1087 1235 1184 1301 Actis
1205 1237 1256 1299 sic
1273 1230 1433 1320 loquitur:
1485 1227 1566 1321 g'rae
1587 1253 1771 1320 personaet
1793 1235 1856 1299 sed
1877 1246 2028 1299 naturam
2046 1231 2235 1299 humanam.

415 1367 418 1372 -
452 1327 549 1393 Sciat
571 1325 680 1390 omnis
703 1324 821 1388 domus
844 1322 960 1402 lsrael,
984 1322 1074 1408 quod
1095 1321 1274 1388 Dominum
1296 1331 1329 1386 et
1341 1319 1434 1384 Chri·
1835 1349 1837 1353 ·

452 1425 540 1479 stum
563 1431 638 1474 eum
659 1408 740 1474 fecit
762 1407 870 1489 Deus,
890 1411 949 1474 ubi
971 1420 1004 1474 et
1018 1428 1142 1473 nomen
1154 1405 1309 1472 Christus
1332 1401 1434 1472 officii
1571 1403 1655 1471 Cum
1678 1406 1829 1485 dicimus,
1850 1404 1937 1488 λόγος
1947 1405 2106 1471 assumsit
2116 1402 2291 1470 humanam
2302 1416 2470 1487 naturam,

452 1494 633 1585 appellatio
655 1505 718 1560 est.
984 1494 992 1506 '
1355 1547 1358 1558 .
1484 1490 1652 1579 significat
1672 1503 1840 1571 naturam,
1862 1512 1950 1578 quae
1974 1502 2180 1579 sustentatur
2200 1492 2233 1555 in
2256 1491 2384 1578 divina,
2418 1494 2473 1558 sic

1484 1590 1521 1643 ιιι
1543 1579 1587 1642 εἰι
1608 1598 1673 1642 ana
1694 1597 1840 1661 persona
1861 1578 1965 1661 λόγος,
1994 1589 2028 1643 ει
2054 1589 2175 1642 natura
2201 1575 2358 1644 humana.
2402 1576 2471 1646 Be·

539 1668 593 1734 Ae
614 1664 791 1753 diligenter
814 1665 1046 1731 considerandi
1062 1675 1141 1730 sunt
1156 1665 1247 1729 modi
1263 1659 1432 1750 loquendi,
1484 1666 1571 1729 iecta
1593 1673 1645 1727 est
1666 1675 1699 1727 et
1720 1661 1779 1728 iila
1790 1666 1991 1750 propositio:
2016 1662 2170 1728 Christus
2189 1675 2241 1728 est
2261 1665 2471 1750 compositus

454 1747 575 1820 ubl‘de
596 1754 742 1818 essentia
765 1752 904 1829 dicatur,
934 1753 991 1821 ubi
1014 1752 1057 1815 de
1079 1748 1212 1830 oihcio,
1238 1751 1296 1815 ubi
1312 1763 1435 1834 propo·
1485 1769 1548 1816 scu
1569 1749 1787 1834 compositum
1808 1771 1851 1815 ex
1872 1762 1989 1815 natura
2006 1748 2150 1814 humana
2167 1760 2201 1813 et
2217 1749 2341 1815 divina.
2374 1750 2473 1816 llaec

454 1841 596 1907 sitiones
606 1858 708 1905 verae
725 1838 794 1902 sint
805 1838 1104 1903 communicatione
1123 1836 1330 1916 idiomatum,
1349 1856 1435 1923 quae
1484 1837 1665 1901 admonitio
1687 1837 1729 1900 de
1750 1836 1929 1921 phrasibus
1952 1838 2093 1921 pertinet
2116 1837 2159 1900 ad
2180 1833 2258 1913 hoc,
2280 1856 2348 1900 non
2364 1848 2405 1901 nt
2421 1838 2473 1904 in·

453 1938 611 2012 receptae
633 1926 711 2004 sint,
732 1944 819 2011 quae
842 1943 909 1989 non
931 1927 998 1992 sint
1019 1934 1185 2008 receptae.
1486 1922 1597 1988 finitas
1619 1919 1849 1987 cavillationes
1871 1942 2041 2000 seramus,
2068 1923 2154 1986 sicut
2176 1923 2416 2007 quaesiverunt
2437 1924 2473 1988 in

1487 2007 1552 2074 hac
1574 2009 1712 2073 materia
1733 2006 1826 2073 multi
1849 2010 1976 2074 otiosas
1998 2009 2259 2093 propositiones,
2283 2019 2316 2073 et
2338 2007 2472 2095 aliquas

541 2096 691 2163 Usitatae
712 2109 747 2162 et
774 2106 931 2178 receptae
951 2105 1030 2160 sunt
1049 2094 1114 2160 hae
1134 2117 1196 2181 pro
1242 2095 1381 2160 sitiones
1402 2096 1437 2159 in
1488 2114 1667 2161 recensere
1690 2093 1842 2179 όόςφιγμον
1856 2106 1940 2167 εει,
1969 2096 2030 2159 scd
2051 2094 2242 2160 verecunde
2267 2104 2400 2160 ummur
2419 2113 2473 2160 re·

454 2181 621 2262 Ecclesia,
646 2181 766 2265 όλόγος
788 2194 841 2247 εει
850 2182 957 2261 Βειιε,
981 2180 999 2244 ό
1020 2181 1106 2264 λόγος
1126 2196 1180 2247 εει
1224 2201 1310 2246 omo.
1344 2179 1437 2245 Chri·
1489 2183 1594 2266 ceptis
1617 2182 1901 2266 propositionibus
1924 2193 1957 2245 ει
1968 2183 2109 2246 vitemus
2131 2181 2287 2263 reiectas,
2309 2182 2388 2266 quia
2412 2181 2474 2248 do·

456 2282 530 2336 stus
553 2282 607 2334 est
628 2269 742 2349 Deus,
776 2267 931 2333 Christus
959 2278 1012 2332 est
1039 2266 1149 2334 homo.
1192 2269 1286 2335 llaec
1313 2270 1437 2333 reiecta
1489 2270 1534 2332 cti
1566 2268 1600 2332 in
1631 2265 1786 2331 Ecclesia
1818 2268 1923 2332 veteri
1951 2264 2146 2352 plerumque
2181 2267 2318 2332 eruditis
2358 2269 2474 2337 censis
2506 2303 2509 2308 ·

455 2368 508 2421 est
530 2369 563 2420 et
584 2375 725 2440 prorsus
736 2353 837 2435 falsa,
860 2354 976 2435 όλόγος
997 2366 1051 2421 εει
1067 2366 1233 2432 creatura,
1255 2355 1331 2439 quia
1344 2374 1437 2419 crea·
1487 2354 1567 2419 moti
1588 2364 1679 2431 sunt,
1701 2374 1806 2438 quare
1827 2350 1911 2418 alias
1934 2354 2077 2438 phrases
2099 2353 2287 2432 reiecerint,
2309 2350 2397 2418 alias
2419 2374 2473 2420 re·

456 2454 532 2509 tura
553 2438 746 2528 intelligitur
767 2462 824 2506 res
846 2440 935 2508 sacta
957 2461 1000 2505 ex
1021 2438 1135 2506 nihilo.
1178 2439 1221 2507 Et
1250 2439 1435 2525 propositio
1487 2440 1644 2527 ceperint.

455 2529 579 2594 reiecta
600 2538 669 2593 est:
700 2526 854 2593 Christus
876 2538 929 2594 est
950 2539 1103 2592 creatura
1129 2539 1266 2612 propter
1287 2527 1436 2591 insidias.

456 2614 542 2687 Quia
564 2613 681 2679 Ariani
708 2635 782 2679 carn
814 2616 865 2679 sic
893 2614 1210 2697 interpretabantur,
1233 2624 1269 2677 ut
1291 2612 1438 2682 dicerent
1575 2610 1741 2675 interdum
1769 2612 1899 2696 peperit
1927 2612 2107 2675 certamina
2139 2623 2173 2676 et
2202 2607 2392 2698 lingrmrunt
2424 2613 2475 2678 in·

366 2769 370 2775 ,
455 2698 506 2763 τόν
536 2700 621 2783 λόγον
650 2701 749 2764 etiam
780 2701 928 2764 nondum
960 2696 1105 2763 humana
1136 2711 1254 2764 natura
1287 2705 1439 2762 assumta
1489 2697 1620 2775 scitia‚·
1637 2707 1674 2762 ut
1701 2699 1742 2761 de
1764 2698 2080 2782 praedestinatione,
2103 2695 2259 2763 Christus
2291 2710 2344 2762 est
2400 2719 2476 2763 rae·

456 2798 642 2850 creaturam
662 2804 751 2863 csse,
771 2785 806 2848 id
827 2796 892 2863 est,
915 2803 977 2848 seu
993 2804 1119 2849 vocem
1134 2796 1279 2849 creatam
1303 2786 1437 2848 missam
1490 2784 1676 2849 destinatus
1699 2802 1779 2849 esse
1800 2782 1911 2863 Filius,
1925 2781 2001 2850 Dei.
2048 2781 2133 2848 Rom
2158 2785 2187 2848 1.
2211 2783 2273 2848 llic
2302 2784 2336 2849 in
2396 2781 2475 2850 aulo

457 2871 501 2936 ad
530 2867 729 2948 Ecclesiam,
761 2888 824 2935 scu
855 2889 1035 2957 porsonam
1068 2883 1213 2935 creatam
1244 2892 1287 2935 ex
1320 2867 1437 2948 nihilo,
1488 2890 1558 2935 non
1580 2870 1698 2933 dicitur
1729 2871 1773 2935 de
1795 2882 1934 2935 aeterna
1961 2867 2123 2934 electione
2151 2871 2185 2935 in
2207 2869 2301 2950 Deo,
2336 2870 2398 2936 sed
2431 2871 2477 2935 de

376 2979 378 2983 ·
456 2957 593 3023 missam
615 2959 659 3021 ad
680 2953 879 3022 Ecclesiam.
925 2955 1122 3041 Quanquam
1143 2958 1230 3022 enim
1252 2956 1368 3021 Ariani
1390 2956 1438 3021 vi·
1489 2956 1659 3043 agnitione
1692 2975 1753 3021 seu
1786 2954 2055 3021 manifestatione
2088 2958 2176 3040 apud
2217 2955 2387 3035 homines,
2431 2957 2478 3024 de

457 3044 528 3108 deri
560 3040 738 3108 voluerunt
770 3040 860 3107 aliud
893 3042 1035 3121 sentire,
1075 3064 1173 3128 quam
1197 3042 1438 3108 samosatenus
1489 3041 1555 3106 hac
1576 3052 1645 3105 tota
1664 3061 1814 3126 persona
1836 3040 1961 3107 Christi
1982 3041 2056 3106 Deo
2085 3054 2117 3106 et
2140 3040 2291 3122 homine,
2313 3043 2405 3129 quod
2427 3044 2478 3108 vi·

455 3129 572 3207 sensit,
596 3139 708 3193 tamen
731 3130 883 3194 existimo
901 3149 962 3194 eos
980 3130 1067 3192 idem
1083 3129 1246 3205 voluisse,
1269 3130 1330 3194 sed
1341 3149 1438 3213 prae·
1491 3125 1728 3278 delicesscerto
1751 3130 1919 3213 cognitum
1942 3130 1998 3205 sit,
2019 3125 2110 3193 hunc
2132 3128 2299 3195 Christum
2321 3149 2400 3194 esse
2423 3128 2478 3193 Fi·

456 3216 565 3303 stigiis
587 3216 766 3280 verborum
789 3214 950 3280 offudisse
963 3212 1090 3300 populo
1112 3213 1297 3301 caliginem.
1490 3210 1570 3278 lium
1626 3214 1674 3293 ei,
1708 3216 1786 3301 quia
1813 3215 1997 3279 resurrexit
2019 3234 2060 3278 ex
2082 3217 2237 3295 mannis,
2260 3227 2294 3280 at
2315 3212 2402 3280 alios
2423 3235 2477 3280 re·

592 3333 595 3340 ·
1079 3360 1081 3367 ,
1181 3329 1187 3337 ··
1492 3302 1678 3366 suscitavit.
1732 3301 1808 3366 Non
1841 3298 1985 3386 loquitur
2003 3298 2142 3381 ,taulus
2175 3302 2217 3367 de
2249 3299 2415 3366 electione
2440 3301 2479 3366 in

543 3386 754 3453 Posteriores
776 3388 974 3452 addiderunt
990 3398 1140 3452 veterum
1162 3387 1439 3472 disputationibus
1491 3385 1588 3466 Deo,
1616 3388 1677 3452 sed
1701 3387 1743 3452 de
1766 3388 1967 3465 testimonio,
1990 3407 2056 3473 quo
2077 3408 2142 3452 nos
2166 3389 2412 3467 convincimur,
2439 3396 2479 3452 ut

457 3492 566 3538 novas
589 3484 622 3537 et
643 3475 806 3555 spinosas
818 3472 1061 3552 cavillationes,
1082 3494 1168 3560 qaas
1186 3493 1325 3558 prorsus
1336 3475 1441 3539 omitti
1493 3493 1573 3538 vere
1595 3485 1781 3539 statuamus
1803 3474 1836 3538 in
1859 3475 1926 3538 hoc
1950 3472 2052 3553 Filio,
2081 3494 2147 3537 non
2171 3485 2296 3539 tantum
2319 3494 2397 3539 esse
2419 3494 2479 3539 na·

455 3570 594 3645 propter
625 3559 871 3643 ambiguitatem
900 3561 1006 3624 satius
1039 3572 1110 3638 est,
1144 3582 1220 3626 cunt
1241 3580 1297 3625 res
1319 3560 1438 3645 exponi
1492 3570 1600 3624 turam
1622 3559 1812 3639 humanam,
1834 3561 1895 3623 sed
1918 3562 2017 3624 etiam
2040 3560 2184 3624 divinam
2206 3561 2479 3645 omnipotentem.

456 3641 532 3709 aliis
555 3646 668 3711 verbis
692 3645 867 3728 perspicue
889 3647 1008 3730 possit.
1491 3644 1673 3730 Disputant
1698 3657 1808 3709 autem
1836 3647 1878 3709 de
1906 3643 1965 3710 illa
1986 3647 2214 3730 propositione
2236 3649 2421 3730 scriptores
2443 3645 2479 3710 in

622 3798 624 3802 ,
1491 3728 1550 3795 lib.
1573 3727 1604 3794 3.
1636 3730 1853 3817 Longobardi
1881 3732 2036 3796 distincti.
2062 3731 2112 3796 10.
2136 3744 2169 3797 et
2191 3745 2354 3818 quaerunt
2377 3734 2480 3798 inter·

544 3814 638 3881 Haec
670 3816 856 3900 propositio
892 3836 914 3880 a
947 3815 1192 3881 commentariis
1225 3814 1441 3902 Longohardi
1492 3817 1715 3902 pretationes,
1738 3836 1781 3880 ne
1802 3820 1845 3882 ah
1869 3819 1990 3883 usitata
2007 3819 2165 3884 versione
2187 3820 2355 3884 recedant.
2403 3818 2490 3883 Nos.

409 3933 415 3958 ·
457 3902 583 3967 reiecta
606 3913 670 3967 est.
716 3900 890 3981 Christus,
912 3903 946 3967 in
964 3915 1124 3987 quantum
1146 3901 1257 3980 homo,
1287 3915 1441 3968 creatura
1493 3905 1628 3968 omissis
1650 3900 1716 3967 illis
1738 3901 1958 3990 labyrinthis,
1986 3906 2185 3971 retineamus
2213 3908 2359 3972 nativam
2380 3902 2480 3970 Pauli

361 3999 364 4004 '
458 4001 521 4055 est.
566 3986 644 4053 Alia
676 4009 776 4066 vero,
810 4008 896 4072 quae
928 4009 996 4053 non
1028 3986 1133 4054 multo
1156 3985 1251 4053 aliter
1273 4001 1389 4070 sonat,
1421 4011 1447 4075 a
1493 3990 1700 4055 sententiam.

354 4123 357 4128 -
457 4072 628 4140 nonnullis
651 4086 787 4159 recepta
810 4086 872 4153 est,
884 4072 1037 4139 Christus
1059 4077 1242 4139 secundum
1264 4074 1441 4141 humanam

456 4174 610 4227 naturam
631 4172 785 4226 creatura
807 4171 871 4224 est.
916 4160 1009 4226 llaec
1031 4159 1163 4226 exilitas
1186 4164 1441 4247 disputationum
1580 4160 1626 4226 Ut
1646 4173 1756 4225 autem
1778 4180 1880 4246 saepe
1896 4163 2008 4228 monui
2028 4184 2141 4248 supra,
2164 4162 2339 4250 diligenter
2350 4163 2481 4229 discer-

456 4245 616 4334 fugienda
637 4258 705 4325 est,
737 4246 934 4331 praesertim
962 4267 1037 4311 cum
1064 4267 1120 4312 res
1142 4245 1238 4313 aliter
1265 4250 1442 4332 perspicae
1493 4249 1604 4313 nenda
1625 4268 1704 4316 esse
1727 4247 1826 4325 dicta,
1850 4268 1936 4334 quae
1957 4247 2136 4334 loquuntur
2159 4251 2201 4314 de
2223 4252 2370 4318 essentia
2393 4250 2482 4315 adi·

458 4332 524 4397 dici
550 4336 700 4418 possint,
733 4329 889 4397 videlicet
921 4334 954 4397 in
983 4330 1117 4397 Christo
1138 4348 1217 4397 nato
1248 4354 1290 4397 ex
1313 4336 1442 4419 virgine
1495 4336 1557 4400 ctis
1581 4335 1623 4398 de
1646 4330 1784 4398 officiis:
1817 4334 1867 4400 lta
1890 4337 2135 4401 consideranda
2155 4349 2208 4401 est
2236 4348 2355 4401 natura
2377 4356 2482 4401 voca·

358 4458 363 4470 ·
458 4429 536 4483 sunt
557 4420 642 4484 duae
664 4429 816 4498 naturae,
836 4418 924 4499 λόγος
941 4430 974 4483 ει
991 4431 1109 4483 natura
1127 4418 1270 4484 humana
1282 4433 1441 4485 assumta.
1494 4417 1658 4485 bulorum.
1703 4420 1754 4484 Ex
1781 4419 1847 4485 hoc
1876 4422 1964 4487 dicto
1991 4422 2033 4486 ad
2058 4422 2245 4487 Hebraeos:
2279 4421 2376 4487 Deus
2400 4418 2484 4488 fecit

458 4507 608 4570 ΛΟΓΟΣ
638 4518 691 4570 εει
723 4525 870 4591 persona
902 4503 1062 4586 όμοοόοιος
1083 4503 1175 4570 Patri
1197 4517 1230 4571 et
1264 4519 1443 4572 coaeterna
1494 4505 1661 4572 Christum
1684 4510 1892 4572 sacerdotem
1916 4528 2094 4587 summum,
2123 4510 2237 4573 Ariani
2259 4509 2324 4573 hoc
2348 4504 2505 4573 extrue'

457 4588 570 4669 Patri,
603 4612 670 4655 non
694 4603 821 4672 creata,
853 4592 914 4655 sed
936 4592 1049 4677 genita
1075 4593 1118 4657 de
1146 4593 1292 4657 essentia
1321 4592 1442 4658 Patris.
1493 4594 1584 4665 bant,
1597 4592 1714 4658 Filium
1737 4614 1816 4657 esse
1838 4607 2036 4672 creaturam,
2060 4595 2136 4679 quia
2157 4596 2190 4659 in
2209 4596 2274 4660 hoc
2293 4596 2384 4659 dicto
2397 4614 2483 4659 usus

397 4709 407 4750 γ
459 4675 527 4743 Sed
549 4689 669 4743 natura
692 4679 834 4743 humana
858 4689 910 4742 est
933 4690 1097 4744 creatura.
1495 4691 1548 4745 est
1570 4681 1672 4743 verbo
1692 4684 1783 4761 fecit.
1827 4678 2042 4763 Respondeo.
2086 4679 2180 4746 Tunc
2202 4693 2383 4765 usurpatur
2407 4702 2484 4745 ver·

1495 4768 1571 4830 bum
1590 4770 1690 4847 fecti,
1723 4766 1856 4850 quando
1889 4768 2044 4830 adiicitur
2065 4769 2189 4830 mentio
2211 4765 2323 4832 olilcii.
2369 4763 2483 4853 Signi·

544 4854 639 4916 item:
664 4849 758 4915 Sicut
770 4870 839 4915 non
858 4862 996 4934 recepta
1009 4864 1061 4914 est
1072 4852 1265 4936 propositio,
1289 4850 1444 4916 Christus
1495 4850 1575 4917 ficet
1593 4851 1695 4915 enims
1718 4850 1822 4916 libera
1844 4851 2015 4917 voluntate
2039 4853 2205 4918 ordinavit
2227 4873 2288 4916 seu
2307 4854 2484 4917 constituit

459 4947 512 5001 est
536 4948 710 5000 creaturas
733 4933 793 4999 Sic
814 4956 882 5001 noa
905 4936 1116 5020 recipiendae
1137 4950 1216 5002 sunt
1237 4937 1302 5003 hae
1324 4957 1445 5023 propo·
1495 4959 1581 5003 eum.
1626 4934 1759 5002 illustre
1792 4936 1980 5023 exentplum
2009 4952 2061 5003 est
2090 4942 2123 5003 in
2147 4940 2234 5003 icto:
2269 4931 2368 5015 Eum,
2405 4940 2463 5025 qui

458 5024 612 5100 εἰιίοιιεε,
638 5021 794 5087 Christus
817 5023 931 5109 incipit
955 5042 1043 5087 esse.
1090 5022 1188 5103 item,
1219 5022 1375 5088 Christus
1398 5021 1446 5088 sa·
1495 5046 1563 5090 non
1585 5024 1679 5089 novit
1701 5035 1892 5109 peccatum,
1925 5023 2020 5089 Deus
2048 5023 2125 5090 fecit
2151 5046 2190 5089 ro
2214 5027 2318 5090 nobis
2343 5045 2471 5108 pecca-

458 5121 535 5176 etus
559 5121 623 5173 est.
669 5113 751 5174 Sunt
772 5121 881 5176 autom
904 5123 1059 5193 receptae
1093 5110 1158 5175 hae
1185 5111 1446 5196 propositiones,
1496 5120 1576 5190 tum,
1598 5121 1635 5175 nt
1656 5130 1720 5174 nos
1743 5109 1897 5176 fieremus
1920 5111 2043 5175 iustitia
2066 5109 2130 5176 Dei
2153 5114 2186 5176 in
2209 5113 2296 5196 ipso.
2331 5110 2395 5175 Hic
2412 5131 2483 5175 ma·

457 5197 546 5278 λόγος
567 5195 682 5281 incipit
703 5214 781 5260 esse
793 5191 904 5259 home.
938 5195 1029 5275 ltem,
1048 5194 1256 5276 λόγοςόεειιιε
1270 5194 1447 5275 esthamo,
1496 5194 1653 5261 nisestum
1676 5207 1745 5273 est,
1767 5197 1905 5261 verbum
1926 5204 2049 5277 lantper
2071 5219 2279 5283 nequaquam
2301 5197 2344 5263 de
2365 5217 2483 5262 essen·

457 5282 544 5365 λόγος
566 5280 677 5349 factus
700 5291 751 5347 est
774 5278 949 5360 Christus,
978 5294 1010 5347 ει
1031 5295 1141 5348 ιειιιειι
1162 5280 1227 5349 hae
1248 5305 1307 5368 pra
1333 5283 1447 5349 ositio·
1497 5286 1543 5348 tia
1560 5281 1662 5368 loqui,
1681 5284 1745 5348 sed
1765 5284 1807 5347 de
1825 5282 1950 5362 officio,
1973 5283 2053 5378 λθείι
2071 5305 2144 5348 eum
2161 5297 2347 5370 peccatum,
2370 5285 2484 5364 idest,

457 5390 519 5438 nes
532 5368 663 5435 Graece
685 5364 819 5433 mollius
842 5365 1024 5433 efferuntur
1045 5390 1144 5454 quant
1190 5370 1293 5435 atine:
1349 5390 1447 5456 equa-
1498 5370 1662 5436 ordinarit
1695 5390 1757 5433 scu
1787 5372 1959 5436 constituit
2008 5373 2127 5436 ostiam
2161 5390 2223 5456 pro
2253 5380 2416 5455 peccato,
2447 5372 2483 5437 in

444 5476 561 5606 ¹paam
583 5459 672 5523 enim
693 5456 871 5533 diceretur,
894 5451 1018 5535 όλόγος
1028 5454 1160 5535 ἐποιήθη
1177 5452 1357 5543 ἄνθρωπος,
1379 5456 1447 5521 Sed
1498 5477 1596 5564 quam
1629 5454 1855 5521 offunderetur
1895 5457 1955 5521 ira
1987 5476 2131 5522 aversus
2177 5467 2295 5521 nostra
2326 5469 2482 5541 peccata.

473 5537 626 5610 ohannes
647 5540 782 5610 mollius
804 5542 897 5622 dicit,
918 5539 1044 5622 όλόγος
1070 5563 1143 5628 rap
1165 5547 1281 5626 ἐγένετο
1325 5542 1447 5608 Viden·
1498 5539 1602 5609 simul
1620 5556 1729 5609 autem
1747 5545 1898 5627 pondera
1913 5545 2092 5609 verborum
2110 5545 2374 5609 considerentur.
2409 5543 2483 5609 Τεί-
