5892 6709
975 643 1110 712 815

981 830 1334 901 elabuntur
1377 852 1462 899 ex
1503 832 1811 898 manibus
1855 832 2400 918 magistratuum,
2443 843 2664 899 tamen
2710 831 2938 898 divini·

975 929 1088 987 tus
1130 918 1558 988 retrahuntur
1598 920 1689 984 ad
1732 937 2008 1003 poenas.

1153 1142 1281 1207 Hic
1345 1153 1567 1208 autem
1629 1151 1787 1205 sunt
1850 1139 2159 1205 monendi
2225 1139 2521 1204 iuniores
2585 1139 2937 1205 discrimen

978 1248 1165 1295 esse=
1202 1230 1370 1294 inter
1435 1227 1734 1302 ordinem
1794 1223 2135 1310 politicum
2201 1236 2272 1290 et
2312 1243 2682 1308 personas,
2747 1221 2938 1312 leges

977 1325 1399 1391 contractuS,
1462 1313 1740 1389 iudicia,
1805 1330 2095 1396 poenae,
2159 1310 2225 1375 in
2293 1311 2569 1394 imperio
2634 1309 2936 1376 Romano

975 1409 1106 1465 tem
1157 1420 1273 1463 ore
1317 1398 1605 1462 Neronis
1650 1409 1804 1462 sunt
1848 1417 1959 1462 res
2004 1418 2045 1461 a
2086 1394 2240 1462 Deo
2285 1398 2586 1461 ordinata
2627 1409 2695 1461 et
2739 1398 2938 1475 iusta,

973 1483 1062 1551 Et
1107 1422 1354 1549 gaulus
1397 1483 1578 1549 hunc
1621 1484 1917 1548 ordinem
1965 1493 2346 1560 veneratur,
2389 1493 2457 1547 et
2477 1480 2628 1547 Deo
2673 1503 2796 1567 pro
2839 1494 2937 1569 ta-

972 1567 1024 1635 li
1067 1570 1567 1637 consociatione
1610 1571 1875 1657 generis
1917 1566 2187 1634 humani
2233 1569 2486 1654 gratias
2529 1567 2688 1653 agit.
2799 1568 2937 1634 Sed

973 1666 1194 1722 tamen
1237 1656 1418 1720 Nero
1456 1667 1557 1720 est
1578 1653 1953 1732 sceleratus
1998 1667 2066 1718 et
2111 1654 2514 1718 teterrimum
2546 1665 2936 1732 monstrum,

973 1753 1042 1807 et
1085 1740 1334 1806 Paulus
1380 1753 1520 1807 toto
1558 1760 1842 1826 corpore
1888 1740 2343 1819 cohorrescit,
2389 1740 2693 1825 cogitans
2737 1738 2937 1804 talem

970 1838 1232 1914 pestem
1268 1839 1496 1892 tenere
1516 1826 1696 1892 bunc
1737 1844 2061 1892 summum
2085 1826 2362 1912 gradum
2396 1826 2569 1890 inter
2611 1823 2937 1904 bomineS,

1023 1915 1087 1979 ui
1153 1914 1441 1978 debebat
1504 1933 1658 1979 esse
1715 1923 1947 1977 custos
2016 1912 2388 1977 divinorum
2435 1909 2933 1992 beneficiorum,

1003 2000 1148 2085 egis
1193 1999 1348 2079 Dei,
1390 2000 1680 2064 iustitiae
1727 2013 1794 2064 et
1827 1999 2036 2084 pacis.

1149 2153 1297 2218 Hac
1340 2154 1758 2218 distinctione
1802 2154 1971 2216 inter
2013 2171 2155 2218 rem
2199 2163 2267 2217 et
2308 2171 2638 2236 personas
2699 2150 2933 2234 obser-

921 2267 930 2274 ·
973 2248 1150 2316 vata,
1197 2236 1403 2303 multa
1446 2251 1834 2326 argumenta
1878 2234 2199 2320 explicari
2230 2249 2542 2323 possunt,
2589 2238 2671 2302 de
2696 2239 2936 2322 quibus

973 2321 1248 2389 Philoso
1277 2325 1365 2389 »hi
1432 2325 1869 2409 disputarunt,
1935 2339 2000 2388 et
2047 2343 2279 2388 omnes
2322 2325 2661 2408 sapientes
2717 2325 2933 2408 ignari

971 2347 1319 2497 Evangelii
1388 2413 1562 2476 omni
1609 2422 1735 2476 tem
1787 2431 1904 2475 ore
1950 2411 2320 2495 disputant,
2389 2431 2538 2473 cum
2584 2421 2934 2494 quaerunt,

969 2495 1081 2561 An
1125 2498 1400 2580 imperia
1442 2499 1575 2562 sint
1621 2519 1662 2562 a
1776 2517 1882 2575 eu,
1925 2507 2038 2560 aut
2074 2507 2323 2560 tantum
2366 2492 2670 2562 humanis
2717 2496 2937 2561 consi-

971 2578 1104 2661 liis,
1147 2594 1262 2647 aut
1308 2604 1473 2649 casu
1510 2585 2020 2661 constituantur,
2055 2593 2121 2645 et
2164 2592 2512 2646 mutentur.

1152 2736 1422 2801 Certum
1489 2749 1591 2801 est
1659 2737 1954 2801 ordinem
1991 2732 2330 2819 politicum
2375 2755 2546 2819 opus
2583 2735 2712 2800 Dei
2755 2755 2936 2814 esse,

971 2822 1230 2888 etiamsi
1277 2819 1602 2908 Caligula,
1644 2822 1824 2887 Nero
1871 2834 1936 2885 et
1982 2819 2231 2887 similes
2257 2822 2497 2887 iniuste
2540 2825 2825 2905 rapiunt,
2869 2833 2937 2887 et

970 2909 1213 2973 iniuste
1259 2909 1719 2973 administrant
1762 2909 2054 2991 imperia.

1144 3061 1302 3126 Dixi
1348 3063 1625 3145 primum
1671 3064 1950 3148 gradum
1993 3061 2269 3128 honoris
2313 3084 2501 3144 esse,
2559 3085 2600 3128 a
2650 3083 2935 3128 noscere

966 3145 1185 3214 Deum
1235 3168 1388 3213 esse
1453 3159 1752 3213 autorem
1797 3148 1989 3212 huius
2042 3149 2291 3214 ordinis
2307 3195 2329 3228 ,
2395 3164 2461 3214 et
2505 3150 2570 3214 in
2661 3171 2742 3215 ac
2784 3151 2935 3235 ipsa

970 3235 1351 3300 obedientia
1394 3236 1750 3319 praecipue
1793 3233 1942 3299 Deo
1990 3236 2474 3321 obtemperare.

1140 3389 1544 3455 Necessario
1589 3389 1826 3454 deinde
1869 3388 1981 3453 hic
2023 3391 2275 3476 gradus
2326 3391 2517 3475 sequi
2563 3391 2795 3468 debet,
2859 3400 2933 3454 ut

966 3477 1157 3561 ipsos
1216 3488 1530 3559 parentes
1598 3487 1663 3539 et
1725 3473 2059 3561 legitimos
2104 3476 2566 3563 magistratuS,
2629 3475 2822 3562 leges
2866 3488 2933 3540 et

968 3563 1220 3628 iudices
1266 3559 1618 3647 diligamus
1661 3574 1935 3645 propter
1975 3561 2224 3638 Deum,
2291 3574 2354 3626 et
2414 3564 2513 3626 eis
2557 3583 2682 3626 nos
2727 3564 2931 3627 subii-

971 3648 1249 3726 ciamuS,
1316 3662 1382 3712 et
1430 3650 1492 3711 in
1539 3650 1829 3711 externis
1876 3646 2113 3712 officiis
2158 3650 2304 3712 sine
2351 3650 2768 3714 contumacia
2813 3650 2930 3713 ob·

966 3744 1435 3817 temperemus,
1482 3735 1652 3798 sicut
1690 3730 1937 3797 Paulus
1983 3734 2220 3817 inquit:
2279 3733 2581 3797 Necesse
2625 3746 2730 3798 est
2774 3736 2931 3799 obe·

967 3819 1150 3897 dire,
1210 3840 1347 3883 non
1393 3817 1611 3884 solum
1656 3834 1931 3903 propter
1974 3820 2159 3897 iram,
2228 3820 2351 3883 sed
2419 3820 2613 3883 etiam
2655 3833 2931 3905 propter

968 3906 1463 3970 conscientiam.
1599 3905 1794 3977 Quod
1863 3905 2107 3970 dictum
2145 3904 2323 3969 haud
2368 3906 2566 3971 dubie
2609 3904 2932 3991 singulari

974 3990 1260 4056 consilio
1290 3993 1659 4057 ‘universae
1705 3989 2052 4056 Ecclesiae
2097 3992 2400 4056 traditum
2448 4004 2576 4072 est,
2645 4004 2714 4058 ut
2756 3990 2931 4057 falsa

965 4079 1343 4163 imaginatio
1388 4076 1768 4142 hominibus
1814 4080 2159 4157 eximatur,
2217 4098 2392 4163 quae
2435 4099 2567 4143 non
2615 4080 2932 4144 discernit

965 4165 1134 4230 inter
1179 4164 1453 4248 imperia
1498 4176 1561 4227 et
1605 4161 1966 4229 latrocinia.
2016 4165 2205 4230 Sicut
2247 4166 2461 4249 pirata
2505 4165 2593 4229 ad
2637 4164 2931 4229 Alexan-

966 4252 1158 4315 drum
1205 4253 1408 4315 dixit:
1468 4248 1605 4317 Cur
1648 4251 1859 4335 magis
1906 4251 2022 4315 tibi
2065 4248 2225 4316 licet
2268 4251 2577 4333 praedari
2618 4253 2685 4315 in
2731 4264 2931 4324 terra,

966 4357 1163 4422 quam
1208 4336 1364 4401 mibi
1409 4338 1474 4402 in
1523 4336 1729 4402 mari?

1139 4490 1414 4575 Imperia
1473 4503 1629 4557 sunt
1675 4490 1999 4555 ordinatio
2045 4487 2172 4554 Dei
2219 4502 2285 4554 et
2327 4486 2433 4553 bis
2488 4491 2930 4557 obediendum

965 4589 1094 4657 est,
1140 4589 1412 4662 propter
1455 4576 1695 4658 Deum,
1744 4589 1808 4641 et
1855 4575 2044 4641 Deus
2087 4577 2278 4661 punit
2322 4588 2774 4644 contumace&

1053 4790 1062 4812 ,
1139 4730 1523 4795 Latrocinia
1589 4750 1806 4797 autem
1871 4742 2028 4797 sunt
2073 4732 2439 4798 destructio
2486 4732 2735 4796 ordinis
2778 4729 2929 4809 Dei,

967 4830 1030 4883 et
1076 4820 1249 4902 capti
1294 4840 1333 4880 a
1380 4815 1749 4882 latronibus
1796 4831 1974 4883 metu
2015 4839 2297 4906 poenae,
2344 4820 2407 4883 id
2454 4830 2581 4897 est,
2647 4819 2928 4883 iniustae

968 4905 1289 4970 saevitiae
1334 4905 1671 4982 obediunt,
1713 4926 1798 4970 ne
1843 4907 2042 4970 vitam
2087 4906 2404 4972 amittant.
2455 4906 2601 4972 Nec
2645 4926 2929 4970 necesse

967 5005 1073 5057 est
1115 5009 1235 5055 eos
1280 5001 1552 5075 propter
1593 4991 1809 5056 Deum
1855 4992 2150 5072 obedire,
2193 5012 2319 5057 nec
2358 5004 2659 5078 peccant,
2703 4992 2763 5055 si
2800 4991 2932 5057 ela-

889 5151 894 5160 ,
965 5079 1034 5143 bi
1076 5088 1382 5164 possunt.

1143 5213 1535 5299 Philosophi
1604 5227 1820 5280 autem
1879 5226 1944 5281 et
1999 5214 2183 5282 multi
2227 5214 2337 5282 alii
2384 5216 2664 5282 similem
2698 5216 2927 5303 imagi-

964 5303 1296 5368 nationem
1345 5303 1427 5365 de
1471 5302 1761 5385 imperiis
1798 5300 2068 5382 babent,
2114 5324 2248 5367 non
2285 5324 2567 5369 necesse
2589 5324 2742 5368 esse
2775 5323 2928 5388 pro-‘-

964 5400 1116 5475 pter
1159 5388 1373 5453 Deum
1422 5390 1714 5453 obedire.
1839 5387 2032 5453 Hunc
2079 5409 2371 5453 errorem
2419 5388 2667 5456 Paulus
2705 5391 2930 5455 eximit

2181 639 2414 710 Pam.
2457 639 2662 708 MEI..
2709 637 3089 708 scmP'rA
3130 635 3691 707 DoGMATwA·

965 5476 1286 5541 universo
1331 5477 1561 5561 generi
1606 5475 1894 5541 humano
1941 5475 2073 5541 hac
2117 5477 2518 5561 gravissima
2561 5478 2925 5546 sententia=
2984 5551 2985 5561 χ

966 5559 1269 5627 Necesse
1314 5573 1421 5627 est
1463 5562 1735 5629 obedire
1775 5574 2054 5652 propter
2096 5562 2618 5648 conscientiam,

4870 577 5007 708 aio

3215 828 3597 915 Scriptores
3642 829 3857 895 -etiam
3913 824 4117 914 aliqui
4154 845 4295 892 non
4337 827 4796 896 discernentes
4926 827 5007 895 li·

3042 918 3241 980 ticam
3282 925 3678 999 potestatem
3721 925 3790 981 et
3828 915 4171 980 ministros
4214 911 4587 1002 Evangelii,
4644 915 4731 982 de
4850 917 5006 984 ictis

3041 998 3352 1086 politicae
3394 1001 3767 1086 potestatis,
3808 998 3943 1067 boc
3988 1010 4446 1088 argumentum
4500 1002 4925 1088 agitaverunt
4940 1026 4963 1069 ε
5013 1083 5019 1089 ,

3161 1162 3434 1245 Nemo
3492 1173 3767 1273 potest
3805 1162 4195 1244 mandare
4234 1162 4389 1245 sub
4446 1191 4715 1274 poena
4752 1191 5007 1276 quam

3281 1310 3451 1366 non
3508 1293 3784 1394 potest:
3843 1282 4164 1393 exequi.

3159 1399 3441 1539 Homo
3500 1431 3668 1485 non
3711 1413 3989 1515 potest,
4032 1412 4403 1486 aeternas
4432 1431 4742 1516 poenas
4802 1433 5005 1488 exe-

3158 1550 3655 1756 Nocrlluigitur
3715 1641 4081 1755 obligant
4154 1641 4423 1726 edicta
4480 1643 5004 1758 magistratu-

3279 1791 3424 1845 um
3482 1775 3814 1876 propter
3873 1791 4178 1876 poenas
4238 1774 4630 1847 aeternas.

3213 1941 3348 2009 Sed
3413 1964 3599 2025 vera,
3666 1946 4019 2031 perspicua
4036 1990 4058 2024 ‚
4122 1956 4188 2011 et
4228 1943 4607 2012 firmissima
4647 1948 5003 2031 responsio

3041 2041 3168 2109 est,
3237 2051 3409 2115 quae
3453 2031 3715 2116 quidem
3759 2042 3828 2096 et
3870 2031 4140 2097 deducit
4180 2050 4306 2097 nos
4350 2031 4438 2097 ad
4490 2033 4772 2117 primum
4816 2044 5002 2098 auto·

3039 2138 3181 2181 rem
3318 2117 3746 2183 bernationiS.
3835 2116 4124 2183 Primum
4169 2118 4369 2203 igitur
4411 2120 4495 2184 ad
4530 2115 4854 2184 Maiorem
4894 2140 5003 2184 re-

3041 2223 3212 2287 spon
3261 2202 3500 2266 endum
3546 2215 3676 2282 est,
3708 2204 3921 2268 Nemo
3967 2201 4115 2268 sola
4155 2201 4445 2268 humana
4487 2206 4839 2270 autoritate
4882 2226 5002 2290 po-

3039 2300 3173 2354 test
3215 2288 3533 2354 mandare
3575 2290 3703 2355 sub
3749 2308 3968 2374 poena
4010 2301 4306 2367 aeterna,
4382 2288 4557 2356 sicut
4598 2290 4665 2356 in
4712 2292 5002 2356 ministe-

3041 2376 3141 2440 rio
3184 2372 3600 2461 Evangelico
3646 2396 3842 2441 nemo
3885 2386 4108 2460 potest
4149 2373 4443 2439 humana
4503 2377 4858 2443 autoritate
4900 2397 5002 2440 re·

3041 2463 3300 2528 mittere
3343 2472 3644 2544 peccata.
3748 2460 3885 2527 Sed
3928 2457 4119 2526 Deus
4164 2481 4540 2548 quanquam
4582 2464 4728 2528 sine
4770 2461 4997 2526 buma-

3040 2568 3128 2611 na
3173 2565 3340 2611 voce
3430 2559 3621 2611 osset
3660 2545 3964 2612 homines
4010 2549 4413 2634 gubernare,
4455 2561 4522 2613 et
4576 2547 4998 2614 sanctificare

3040 2653 3211 2719 quos
3255 2629 3364 2697 vel
3393 2643 3494 2709 et,
3564 2645 3783 2698 tamen
3837 2653 3961 2697 sua
4005 2634 4328 2719 sapientia
4371 2644 4438 2699 et
4478 2633 4770 2700 bonitate
4812 2634 4999 2699 insti-

3041 2720 3165 2783 tuit
3209 2719 3274 2783 in
3321 2738 3567 2801 genere
3600 2716 3892 2785 humano
3927 2720 4313 2806 ministeria,
4356 2718 4619 2786 scilicet
4655 2721 5023 2785 ministros·

3039 2802 3408 2890 Evangelii,
3454 2815 3521 2866 et
3563 2804 3877 2889 politicos
3921 2806 4376 2892 magistratus.

3230 2957 3375 3023 Nec
3420 2959 3866 3025 existimemus
3911 2960 4038 3025 hos
4082 2961 4361 3046 gradus,
4416 2971 4667 3026 tantum
4710 2958 5000 3026 humano

3040 3041 3323 3109 consilio
3365 3044 3708 3109 institutos
3752 3065 3930 3125 esse,
3977 3048 4099 3112 sed
4141 3044 4272 3111 Dei
4316 3065 4525 3133 opera
4566 3058 4747 3112 sunt.

3207 3197 3365 3264 Vox
3406 3198 3685 3266 ministri
3707 3198 4093 3287 Evangelici
4137 3202 4468 3267 verissimi
4510 3212 4620 3268 est
4650 3219 5001 3287 organum,

3038 3305 3183 3436 {1¹22
3188 3283 3444 3437 alffius,
3449 3297 3599 3436 aest
3662 3284 3905 3353 efficax
3948 3308 4032 3352 ac
4088 3285 4340 3372 Spiritu
4385 3302 4619 3353 sancto
4664 3298 4890 3353 movet
4935 3298 5003 3351 et

3206 3526 3333 3591 Est
3397 3540 3463 3592 et
3528 3527 3725 3593 iudex
3789 3525 4100 3610 politicus
4165 3549 4526 3617 organum,
4614 3548 4736 3616 per
4800 3549 5000 3616 quem

3034 3612 3229 3677 Deus
3272 3610 3541 3679 vincula
3586 3611 3801 3678 civilis
3846 3616 4186 3680 societatis
4231 3627 4647 3700 conservat„

3209 3766 3402 3833 Hanc
3445 3769 3958 3853 responsionem
4003 3770 4299 3834 iuniores
4340 3767 4787 3836 meminerint.
4872 3768 4999 3835 Est

3037 3854 3208 3919 enim
3251 3874 3412 3918 vera
3455 3866 3521 3918 et
3566 3853 3845 3931 erudita,
3891 3863 3957 3919 et
3998 3853 4176 3920 utilis
4268 3857 4411 3934 aci,
4456 3868 4524 3921 et
4559 3852 4803 3923 refutat
4859 3854 5002 3922 hal-

3033 3939 3475 4005 lucinationes
3520 3937 3896 4020 multorum,
3941 3943 4052 4028 qui
4097 3943 4181 4008 de
4253 3944 4489 4030 egibus
4546 3940 4836 4027 politicis
4882 3942 5003 4008 ali·

3041 4038 3145 4091 ter
3166 4028 3607 4110 scripserunt.

3209 4179 3559 4247 Caeterum
3625 4182 3807 4266 quod
3847 4183 3935 4247 sit
3978 4184 4333 4249 discrimen
4399 4183 4570 4248 inter
4630 4183 5001 4248 ministrum

3035 4264 3404 4353 Evangelii,
3476 4278 3542 4332 et
3606 4265 3913 4352 politicos
3979 4272 4431 4355 magistratuS,
4497 4279 4563 4334 et
4616 4269 4784 4334 inter
4824 4268 4998 4333 ritus

3036 4353 3371 4417 institutos
3435 4356 3523 4419 ab
3566 4354 3813 4439 Episco
3864 4356 3948 4433 is,
4014 4367 4079 4420 et
4122 4353 4312 4442 leges
4358 4353 4604 4440 politici
4645 4357 4997 4441 magistra-

3036 4450 3169 4517 tus,
3212 4436 3383 4505 infra
3431 4441 3749 4506 dicemus.
3798 4378 4060 4506 gerson
4096 4445 4223 4508 etsi
4266 4443 4463 4507 anxie
4506 4443 4780 4528 quaerit,
4826 4462 5000 4526 quae

3036 4523 3247 4612 leges,
3294 4548 3414 4591 cur
3457 4538 3521 4591 et
3564 4540 3877 4611 quantum
3921 4525 4223 4615 obligent
4262 4527 4594 4608 bomineS,
4648 4539 4870 4593 tamen
4915 4547 5004 4592 ex

3035 4612 3141 4676 his
3185 4611 3582 4699 labyrinthis
3627 4635 3762 4678 non
3808 4611 4046 4678 liberat
4087 4616 4233 4699 pias
4278 4625 4557 4682 mente&
4645 4615 4784 4680 Sed
4826 4611 5003 4678 infra

3033 4700 3099 4763 in
3146 4695 3424 4764 articulo
3469 4701 3553 4764 de
3619 4696 3960 4779 Ecclesia,
4025 4702 4112 4765 de
4153 4702 4284 4767 hac
4328 4701 4720 4788 quaestione
4760 4701 5003 4766 dicturi

3034 4805 3290 4851 sumus.

3207 4904 3493 4969 Tertium
3549 4917 3769 4971 autem
3834 4907 4113 4993 gradum
4178 4905 4457 4973 honoris
4512 4927 4669 4974 esse
4714 4905 5001 4972 diximus

3035 4996 3362 5055 ἐπιείκειαν
3405 4992 3469 5055 in
3494 4989 3865 5057 ‘toleranda
3907 4993 4285 5060 infirmitate
4328 4996 4860 5081 magistratuum,
4918 4993 5004 5057 de

3038 5098 3169 5164 qua
3231 5098 3308 5143 re
3351 5079 3764 5163 propositum
3833 5092 3939 5144 est
3981 5076 4246 5146 illustre
4305 5079 4696 5167 exemplum.
4831 5078 5003 5145 Cum

3034 5166 3207 5248 patri
3258 5163 3449 5229 Noae
3515 5166 3764 5230 nudato
3831 5163 4005 5231 filius
4073 5163 4286 5233 Cbam
4327 5165 4661 5247 illuderet,
4726 5163 4838 5233 alii
4884 5164 5002 5230 filii

3032 5261 3288 5336 patrem
3355 5262 3610 5338 tegunt.
3742 5252 3848 5319 Ac
3911 5266 4186 5338 propter
4239 5251 4373 5318 hoc
4415 5274 4727 5341 magnum
4767 5249 5001 5318 scelus

3032 5335 3449 5402 maledicitur
3492 5335 3728 5416 Cham,
3775 5340 4056 5405 caeteris
4106 5360 4266 5405 vero
4313 5336 4490 5420 filiis,
4535 5340 4646 5426 qui
4692 5358 5003 5405 reveren-

3031 5433 3135 5489 ter
3178 5434 3479 5489 texerant
3522 5422 3809 5506 Patrem,
3857 5426 4289 5492 benedicitur.

3202 5560 3277 5627 ld
3319 5560 3694 5651 exemplum
3738 5564 3827 5630 sit
3846 5564 3937 5646 *in
3981 5573 4355 5651 conspectu
4396 5563 4743 5644 modestis,
4783 5573 4858 5632 ut
4904 5563 5000 5628 di·
