5892 6709
506 621 570 690 ιιι
1129 619 1242 687 vum.
1264 618 1368 686 maa.
1392 617 1581 686 scurrus
1602 616 1882 734 normanus.
1965 603 2013 642 ²
2244 685 2246 690 ,
2331 596 2333 601 ’
2421 619 2524 726 ,ιιι

438 847 443 860 1
507 811 708 898 agnitionem
724 807 798 875 Filii
816 819 956 876 vocatos
980 828 1070 891 esse,
1092 820 1126 874 et
1146 808 1307 890 adiuvari,
1326 830 1402 876 oum
1423 807 1490 875 Ede
1541 828 1609 873 non
1636 827 1740 893 posse
1764 827 1888 893 pravas
1916 804 2147 872 inclinationes
2181 804 2370 892 expellere,
2396 819 2430 874 et
2456 809 2524 876 sibi

507 897 665 986 erigimur
687 907 720 963 et
740 897 946 963 invocamus.
1527 913 1673 960 sumere
1695 895 1867 960 ardentem
1884 889 2095 962 dilectionem
2111 889 2188 959 Dei.

595 1067 689 1135 llaec
722 1068 764 1134 de
802 1068 901 1153 signo
935 1076 1044 1131 sumto
1078 1066 1120 1131 ab
1154 1066 1368 1130 inchoatione
1400 1067 1490 1130 dicta
1627 1064 1817 1130 Secundum
1839 1065 2105 1149 impedimentum
2126 1073 2180 1130 est
2189 1059 2364 1137 Diabolus,
2387 1067 2444 1151 qui
2465 1088 2524 1132 va·

507 1155 585 1220 sint.
629 1153 755 1219 Postea
784 1154 893 1217 Adam
921 1165 954 1218 et
972 1147 1104 1216 finalem
1127 1171 1265 1216 oausam
1286 1151 1488 1229 intuebatur,
1540 1152 1598 1216 riis
1620 1151 1728 1217 modis
1751 1152 1952 1221 occasiones
1975 1149 2072 1216 oll'ert
2092 1150 2299 1231 bominibus,
2332 1163 2366 1218 et
2386 1149 2525 1238 impellit

508 1261 570 1306 ear
598 1241 768 1305 conditam
797 1249 889 1303 esset
916 1257 1025 1325 genus
1060 1235 1257 1317 hunmnam,
1290 1257 1351 1302 cur
1378 1237 1488 1322 imago
1540 1257 1620 1317 eos,
1645 1249 1683 1302 ιιι
1705 1239 1934 1322 obtemperent
1949 1234 2046 1302 malis
2068 1236 2320 1324 cupiditatibus,
2341 1248 2378 1304 ut
2399 1239 2433 1303 in
2457 1237 2524 1305 Ge·

506 1323 572 1393 Dei
594 1319 693 1391 insita
714 1324 849 1403 bomini,
873 1345 932 1388 cur
953 1320 1043 1389 iacta
1066 1334 1159 1387 esset
1179 1319 1418 1402 reconciliatio,
1440 1323 1489 1388 vi·
1539 1326 1585 1403 in,
1608 1322 1702 1403 Saul,
1725 1323 1805 1388 iada
1825 1335 1983 1410 apparet,
2011 1323 2090 1409 quia
2111 1345 2186 1389 curn
2208 1325 2285 1388 odio
2307 1322 2372 1388 Dei
2393 1326 2525 1405 ardeat,

509 1409 629 1478 delicet
650 1424 686 1477 at
710 1409 867 1477 Ecclesia
895 1410 971 1475 Deo
1000 1407 1189 1494 colligatur,
1211 1411 1419 1476 celebratura
1439 1410 1489 1495 ip
1540 1405 1612 1476 vult
1634 1431 1655 1475 a
1677 1408 1826 1496 plurimis
1857 1430 1932 1476 cum
1959 1404 2159 1476 coartamelia
2181 1409 2298 1490 adlici,
2319 1421 2354 1476 et
2375 1409 2525 1478 delecta·

507 1517 582 1564 eam
603 1500 637 1562 in
655 1498 1054 1575 aeternaconsaetudine,
1077 1507 1110 1560 et
1127 1493 1262 1574 laetitia,
1285 1507 1319 1562 et
1340 1497 1393 1561 cai
1414 1497 1488 1581 ipse
1540 1508 1594 1562 tur
1623 1497 1849 1562 destructione
1881 1516 2019 1581 operum
2046 1495 2110 1560 Dei
2140 1496 2175 1560 in
2208 1516 2333 1583 genere
2363 1496 2524 1565 humano.

507 1603 602 1650 saara
624 1581 974 1669 lucem,·sapientiam
994 1594 1030 1649 et
1050 1583 1207 1649 laetitiam
1234 1583 1269 1647 ιιι
1290 1592 1361 1647 tota
1381 1592 1490 1648 aeter·
1540 1582 1593 1647 Dc
1614 1581 1681 1647 hoc
1702 1582 1870 1647 horrendo
1901 1583 1978 1646 odio
2002 1594 2036 1647 et
2057 1579 2172 1647 farore
2193 1583 2228 1647 in
2249 1579 2396 1648 Diabolo
2419 1603 2525 1670 saepe

405 1659 407 1684 '
508 1670 612 1738 nitate
633 1670 861 1738 communicet.
1541 1670 1752 1755 cogitandum
1776 1680 1840 1748 est,
1861 1682 1896 1734 ct
1923 1668 2155 1744 ardentissima
2175 1669 2388 1735 invocatione
2408 1681 2525 1756 peteu-

1542 1755 1635 1835 dum,
1664 1766 1701 1821 at
1727 1751 1816 1819 filius
1846 1753 1911 1822 Dei
1938 1751 2027 1821 banc
2056 1766 2124 1819 tam
2150 1773 2287 1820 saevum
2314 1753 2448 1821 bostem
2469 1776 2523 1820 re·

594 1837 689 1906 Haec
711 1862 786 1906 cum
807 1841 851 1907 sit
872 1838 1027 1906 volantes
1045 1840 1122 1919 Dei,
1146 1849 1237 1904 certe
1258 1858 1391 1923 semper
1413 1859 1491 1904 coe·
1541 1842 1676 1926 primat,
1691 1841 1796 1906 'cuias
1824 1841 1963 1906 insidias
1991 1861 2113 1926 cavere
2141 1836 2218 1905 sola
2243 1840 2411 1908 bominum
2448 1839 2522 1908 dili·

509 1938 579 1994 tum
600 1924 745 2012 aliquem
773 1927 939 2007 servabit,
969 1926 1026 2012 qai
1053 1928 1097 1991 sit
1124 1947 1204 2010 pars
1222 1921 1311 1990 illius
1334 1937 1491 1991 aeternae
1542 1927 1654 2013 gentia
1675 1927 1747 1992 sine
1768 1923 1895 1993 auxilio
1915 1923 1982 1992 Dei
2002 1938 2093 1992 certe
2114 1945 2183 1998 non
2203 1938 2327 2013 potest.

508 2008 703 2094 Ecclesiae,
732 2034 776 2079 ae
804 2023 874 2079 tota
900 2032 1015 2079 messa
1044 2014 1178 2100 generis
1198 2009 1332 2078 ltamani
1355 2012 1491 2078 damae·
1679 2085 1682 2091 Δ

508 2109 544 2168 ιιι
565 2101 619 2165 sit.
1629 2098 1826 2164 invocamus
1863 2110 1976 2163 autem
2009 2110 2043 2164 te
2075 2096 2136 2163 Fili
2168 2094 2234 2163 Dei
2267 2098 2343 2164 lesu
2376 2096 2520 2178 Christe,

464 2186 466 2191 ’
1542 2185 1597 2270 qni
1619 2184 1817 2270 apparuisti,
1849 2195 1887 2250 ut
1908 2185 2064 2250 destruas
2086 2204 2190 2270 opera
2210 2180 2363 2265 Diaboli,
2385 2195 2419 2250 et
2443 2206 2522 2249 coa·

476 2341 480 2346 ,
595 2271 669 2338 Hoc
690 2267 762 2338 vult
790 2267 932 2348 Paulus,
961 2292 1036 2336 cum
1057 2270 1177 2356 inquit,
1205 2279 1242 2335 ut
1267 2267 1380 2355 aliqua
1407 2266 1491 2332 liant
1542 2267 1655 2336 calces
1680 2281 1778 2356 caput
1795 2271 1982 2354 serpentis,
2011 2273 2052 2334 a'c
2075 2289 2227 2348 oramus,
2248 2282 2285 2336 ut
2302 2281 2337 2337 ta
2359 2271 2522 2356 reprimas

507 2355 582 2424 Deo
606 2368 714 2443 grata,
742 2358 838 2443 quasi
871 2358 971 2435 dicat,
1005 2354 1088 2425 Cum
1122 2358 1155 2421 ia
1188 2376 1312 2441 genere
1344 2354 1489 2419 humano
1540 2376 1582 2422 ac
1610 2353 1759 2443 depellas
1792 2353 2007 2440 blasphemos
2033 2366 2068 2421 et
2095 2353 2347 2434 crudelissimos
2369 2358 2521 2441 spiritus,

509 2463 625 2509 omnes
654 2440 701 2507 illi
729 2443 785 2528 qui
810 2454 889 2508 sant
917 2456 1011 2508 extra
1032 2440 1236 2528 Ecclesiam,
1266 2438 1389 2506 saciant
1412 2437 1488 2504 Deo
1541 2443 1696 2529 ardentes
1717 2439 2007 2508 vehementissimo
2031 2442 2107 2507 odio
2128 2440 2206 2523 Dei,
2226 2453 2260 2508 et
2281 2443 2405 2529 lugenti
2425 2443 2523 2508 rabie

507 2529 540 2595 in
566 2540 656 2608 rata,
686 2530 835 2612 excerpit
857 2541 964 2594 tamen
987 2528 1081 2593 Deus
1109 2525 1252 2613 aliquam
1273 2539 1418 2612 partem,
1440 2527 1490 2591 vi·
1566 2540 1737 2594 rassantcs
1759 2529 1793 2593 ia
1840 2548 1924 2594 enus
1945 2528 2142 2608 humanum,
2170 2541 2203 2596 et
2231 2548 2350 2595 serves
2371 2526 2521 2594 iolitanae

429 2687 432 2698 ,
509 2552 631 2681 (1εῆιοοι
658 2636 740 2688 vera
767 2611 944 2679 Ecclesiae
969 2616 1128 2679 membra.
1178 2613 1270 2678 llaec
1295 2634 1375 2679 vere
1402 2609 1489 2677 eele-
1541 2550 1713 2680 {celestes
1753 2625 1787 2678 ct
1816 2550 1965 2680 {emiliae
2003 2625 2158 2694 nostras,
2202 2628 2364 2681 sonantes
2403 2634 2524 2680 vocem

507 2702 607 2767 brant
629 2700 749 2777 Deum,
771 2702 963 2765 custodiunt
985 2701 1169 2768 doctrinam
1185 2697 1373 2786 Evangelii,
1395 2700 1489 2765 invo·
1540 2698 1715 2788 Evangelii
1742 2700 1808 2776 tui,
1837 2711 1870 2765 et
1898 2699 1942 2764 ιιι
1969 2711 2004 2764 te
2033 2698 2283 2788 confugientes,
2313 2722 2334 2770 o
2355 2712 2389 2768 te
2407 2697 2521 2768 desen·

444 2845 450 2858 ‚
509 2798 587 2866 cant
620 2808 695 2851 eum
728 2786 813 2863 lide,
845 2797 949 2873 agunt
978 2788 1122 2871 gratias,
1150 2787 1308 2852 obediunt
1331 2785 1376 2857 ci.
1400 2798 1433 2850 et
1455 2786 1489 2849 in
1541 2787 1681 2865 sionem,
1702 2783 1858 2854 auxilium
1882 2797 1916 2850 et
1937 2783 2078 2852 salutem
2095 2800 2259 2872 petentes.

508 2884 581 2948 tota
602 2873 799 2939 aeternitate
822 2891 897 2938 eum
919 2868 1145 2937 celebrabunt.
1197 2915 1206 2927 ι

1626 2956 1771 3023 'l'ertium
1799 2959 2066 3041 impedimentum
2093 2970 2163 3038 est,
2189 2959 2222 3022 ιιι
2244 2956 2309 3021 hac
2330 2958 2420 3023 vitae
2441 2981 2521 3025 con·

595 3042 687 3118 llaec
717 3055 770 3109 est
795 3045 848 3108 vis
877 3045 1055 3110 verborum
1077 3041 1202 3122 l'aali,¹
1215 3065 1290 3108 cum
1313 3043 1391 3108 dicit
1413 3042 1490 3129 ιιιτιρ
1540 3040 1690 3123 fusione,
1719 3040 1825 3107 moles
1846 3046 1920 3128 ipsu
1943 3044 2152 3130 negotiorum
2173 3055 2210 3111 et
2229 3041 2465 3129 periculorum.
2486 3046 2521 3109 in

507 3134 560 3212 τῆς
582 3130 739 3211 εὐδοκίας,
767 3132 795 3195 si
822 3128 974 3196 nificatur
1004 3150 1109 3195 causa
1131 3126 1256 3208 finalis,
1285 3149 1354 3194 non
1375 3140 1412 3193 ιιι
1433 3126 1490 3193 ιιιι
1541 3132 1662 3216 quibus
1696 3129 1842 3216 quotidie
1873 3125 1975 3194 malta
2008 3131 2189 3215 improvisa
2221 3142 2254 3195 et
2279 3128 2523 3198 inextricabilia

458 3227 474 3242 ·“
509 3229 726 3296 enarrarunt,
760 3238 779 3283 e
819 3218 930 3294 ciens,
963 3205 996 3280 id
1029 3227 1098 3294 est,
1131 3214 1228 3292 lacit,
1269 3216 1347 3301 quia
1370 3216 1415 3280 ‘ei
1444 3216 1489 3280 ita
1541 3226 1676 3303 praeter
1698 3216 1886 3299 opinionem
1907 3214 2095 3281 hominibus
2118 3215 2319 3295 offeruntur,
2346 3227 2384 3282 at
2408 3215 2523 3286 David

407 3335 413 3345 .
507 3302 599 3370 phet
1370 3375 1376 3386 ι
1541 3322 1610 3366 ιιοιι
1646 3293 1809 3387 praevidit
1844 3302 2040 3367 seditionem
2071 3300 2148 3381 filii,
2188 3313 2222 3368 ct
2259 3300 2363 3390 vulgo
2392 3304 2523 3383 dicitur,

605 3448 609 3455 ,
1540 3388 1662 3454 Nescis
1691 3388 1770 3494 quid
1801 3408 1924 3473 vesper
1952 3408 2050 3454 serus
2079 3389 2191 3456 vebat
2246 3387 2328 3454 item
2354 3387 2388 3454 td
2413 3394 2522 3471 μέλλω

595 3474 647 3550 Ex
675 3472 740 3539 bac
774 3473 1001 3550 enarratione,
1029 3492 1128 3557 quam
1150 3473 1319 3551 recensui,
1345 3493 1412 3537 non
1435 3492 1489 3536 se·
1541 3472 1590 3537 ciel
1610 3478 1723 3558 rapior
1744 3473 1837 3559 ἕρπει.
1930 3528 1936 3536 .

534 3561 620 3636 uitur
642 3557 846 3625 voluntatem
869 3560 1010 3623 otiosam
1033 3558 1191 3634 esse,setl
1216 3559 1401 3628 completio
1423 3569 1489 3621 tra·

509 3581 578 3722 lita
611 3658 682 3725 est,
716 3665 801 3729 quae
834 3642 985 3718 adfirmat
1018 3664 1080 3707 nos
1113 3644 1261 3709 adiuvari
1294 3664 1315 3707 a
1347 3642 1421 3707 Deo
1455 3642 1519 3708 ιιιΙ
1627 3643 1711 3708 (lem
1732 3647 1831 3730 igitur
1854 3665 1942 3709 nuno
1969 3641 2090 3718 iubae
2112 3647 2348 3731 depravatione
2370 3658 2522 3728 neturse,

509 3732 671 3818 principio
695 3731 937 3805 conversionis,
960 3741 993 3793 et
1016 3729 1174 3813 deinceps
1200 3730 1233 3792 in
1256 3729 1409 3794 carnibus
1432 3748 1489 3792 nc·
1540 3727 1755 3815 languefacta
1795 3732 1838 3794 sit
1877 3728 2033 3809 libertas,
2077 3753 2133 3796 res
2172 3733 2247 3816 ipsa
2286 3734 2431 3797 ostendit
2469 3755 2523 3798 rc·

510 3820 609 3905 gotiis
631 3828 665 3882 ct
685 3812 844 3903 periculis
867 3815 1064 3894 vocationis,
1087 3812 1310 3898 consessionis
1332 3827 1366 3880 et
1387 3814 1490 3880 totius
1541 3818 1743 3882 strictionem
1777 3814 1921 3902 aliquam
1954 3818 2139 3883 addendam
2171 3838 2251 3884 esse
2284 3819 2373 3885 dieto
2402 3816 2522 3885 Ecole

509 3902 739 3981 obedientiae,
757 3904 844 3966 sicut
872 3898 951 3974 alibi
973 3901 1067 3965 dicit:
1099 3900 1162 3983 Qui
1186 3914 1297 3979 amnet
1313 3901 1348 3967 in
1370 3922 1436 3981 me,
1457 3912 1491 3974 et
1527 3903 1677 3972 ,siastiei
1967 3912 1969 3916 ’

510 3991 631 4079 egoin
655 4010 709 4067 co,
726 3983 871 4055 fructum
895 3989 1067 4073 copiosum
1082 3985 1184 4077 leret.

1626 4072 1829 4158 Respondeo
1857 4075 1974 4162 igitar:
2007 4073 2134 4141 Verum
2164 4088 2218 4142 est
2247 4077 2338 4141 initio
2368 4074 2523 4143 volunta·

1541 4172 1606 4227 tom
1628 4173 1706 4225 ante
1732 4158 1862 4245 lapsam
1883 4162 2061 4245 primorum
2090 4172 2263 4245 parentum
2285 4159 2390 4228 inisse
2411 4165 2523 4248 magis

1540 4243 1694 4325 liberam,
1721 4258 1753 4310 et
1781 4244 1837 4311 illa
1867 4245 2037 4312 excellens
2065 4244 2203 4313 libertas
2227 4249 2348 4314 donum
2376 4260 2522 4333 etopus

740 4355 806 4439 De
837 4353 947 4437 dicto
977 4353 1244 4437 Ecclesiam&
1470 4376 1474 4383 ·
1540 4332 1622 4411 Dei,
1645 4344 1678 4396 et
1699 4353 1778 4417 pars
1800 4334 1951 4419 imaginis
1974 4332 2039 4398 Dei
2060 4331 2132 4411 fuit,
2160 4333 2319 4400 attributa
2339 4334 2463 4400 homini
2486 4338 2523 4400 in

1245 4418 1254 4435 ⁶
1542 4420 1742 4497 conditione,
1765 4429 1925 4506 utsupra
1947 4419 2068 4486 dictum
2089 4430 2151 4484 est.

596 4586 754 4654 'l'cnenda
779 4600 833 4655 est
862 4601 894 4654 et
922 4585 1062 4675 simplex
1090 4588 1258 4654 enarratio
1280 4590 1376 4669 dicti,
1398 4591 1489 4675 quod
1627 4591 1752 4657 Postea
1778 4611 1878 4670 vero,
1906 4594 1969 4657 etsi
1995 4587 2209 4679 langueiaota
2237 4606 2288 4658 est
2308 4590 2464 4671 libertas,
2486 4606 2525 4659 ιιι

510 4694 553 4741 ex
578 4671 820 4740 Ecclesiastico
849 4678 978 4741 citatur.
1034 4675 1129 4742 Deus
1163 4674 1296 4764 reliquit
1322 4675 1490 4744 bominem
1541 4698 1645 4765 supra
1684 4676 1869 4757 declaravi,
1912 4688 2023 4743 ιιιιιιιιι
2062 4676 2173 4774 aliqua
2213 4678 2352 4745 libertas
2390 4678 2524 4765 reliqna

509 4760 664 4838 iamenu
687 4759 817 4826 consilii
839 4766 901 4828 sai.
1541 4767 1678 4843 mansit,
1713 4777 1746 4828 et
1767 4763 1803 4829 lit
1823 4760 1979 4831 voluutas
2001 4768 2109 4852 magis
2137 4765 2260 4846 libera,
2288 4786 2364 4832 cum
2390 4768 2524 4832 iuvatur

1541 4873 1562 4916 ι
1583 4852 1703 4935 Spiritu
1724 4861 1854 4915 sancto.

594 4930 690 4997 llaec
718 4934 883 5001 sententia
911 4934 941 4998 si
962 4935 1036 4999 sine
1058 4935 1286 5001 moderatione
1307 4933 1420 5022 aliqua
1441 4936 1490 5002 in·

508 5015 690 5107 telligatur,
712 5020 925 5104 praeconiam
953 5031 1005 5087 est
1027 5020 1191 5087 libertatis
1213 5020 1312 5092 velde
1334 5017 1489 5108 amplum.
1627 5022 1842 5109 Nequaquam
1871 5024 1956 5088 enim
1982 5023 2030 5088 ita
2055 5020 2292 5111 intelligendus
2315 5035 2367 5089 est
2390 5024 2523 5104 Sirecb,

508 5106 660 5180 Necesse
687 5121 741 5172 est
772 5119 881 5172 autem
911 5106 1007 5173 fateri
1038 5111 1183 5174 nuncin
1211 5107 1277 5174 hac
1305 5106 1491 5174 infirmitate
1541 5120 1577 5175 ut
1605 5111 1810 5175 existimetur
1838 5106 2016 5175 excludere
2044 5109 2201 5195 Spiritum
2233 5124 2396 5177 sanctum.
2442 5110 2524 5174 ideo

509 5205 650 5260 naturae
670 5214 794 5281 magna
816 5191 978 5260 libertatis
990 5196 1220 5279 impedimenta
1242 5215 1331 5275 esse,
1349 5216 1491 5281 quorum
1541 5197 1669 5263 erudite
1690 5196 1795 5282 inquit
1816 5195 2025 5284 Augustinus
2047 5199 2091 5262 de
2111 5197 2179 5263 boo
2203 5199 2309 5263 dicto:
2341 5197 2525 5282 Proposuit

508 5280 648 5363 primum
669 5293 721 5346 est
743 5282 817 5365 ipsa
838 5282 997 5362 pravitas,
1021 5302 1106 5366 quae
1128 5284 1303 5347 nobiscum
1330 5284 1489 5360 nascitur,
1541 5284 1600 5348 tibi
1622 5303 1741 5369 aquam
1764 5295 1799 5349 ct
1818 5284 1947 5370 ignem,
1975 5283 2019 5349 ιιι
2039 5296 2150 5351 utrum
2171 5281 2269 5350 voles
2291 5285 2434 5350 extende
2454 5306 2525 5349 ma·

384 5416 386 5419 -
510 5385 596 5451 quae
619 5379 672 5432 est
693 5370 801 5453 caligo
825 5368 868 5431 de
892 5365 985 5445 Deo,
1008 5371 1150 5453 gignens
1172 5371 1395 5434 dubitationes
1411 5365 1490 5456 plu·
1541 5390 1638 5445 num,
1666 5368 1819 5438 Extende
1845 5367 1976 5436 scilicet
2006 5371 2141 5435 iuvante
2169 5371 2295 5456 Spiritu
2324 5380 2462 5449 sancto,
2490 5377 2527 5436 et

508 5452 610 5519 rimas
621 5498 633 5532 ,
666 5465 700 5519 et
733 5456 915 5539 impediens
938 5450 1037 5518 fidem
1059 5465 1092 5519 et
1113 5455 1280 5535 timorem,
1314 5478 1357 5521 ac
1387 5458 1490 5521 mani·
1542 5454 1649 5522 simul
1674 5460 1874 5523 extendente
1907 5469 1997 5523 tuam
2027 5477 2168 5524 manum.
2226 5456 2302 5522 Non
2335 5460 2421 5522 enim
2451 5457 2525 5544 agit

509 5533 633 5606 festum
660 5552 713 5607 est
747 5544 851 5609 corda
878 5538 978 5626 plene
1003 5560 1082 5607 esse
1104 5542 1235 5609 vitiosis
1262 5544 1423 5623 motibus,
1455 5552 1491 5608 et
1541 5542 1683 5630 Spiritus
1700 5556 1851 5624 sanctus,
1872 5555 1909 5610 ut
1931 5544 1966 5608 in
1987 5554 2108 5625 statua,
2121 5545 2184 5611 sed
2203 5554 2406 5614 concurrant
2426 5561 2525 5610 mous
