5892 6709
997 2222 1143 2372 DE
1188 2208 1936 2374 ΡΟΕΝΙΤΕΝΤΙΑ.

1138 2486 1374 2571 PHILIPP.
1413 2484 1788 2571 MELANTHON.

1305 2655 1470 2743 ANNO
1509 2661 1634 2744 ¹548.

549 2975 586 3040 ln
614 2971 779 3041 Ecclesiis
800 2973 948 3055 nostris,
980 2974 1045 3039 Dei
1068 2974 1244 3056 beneficio,
1266 2975 1444 3062 praecipue
1496 2985 1531 3041 et
1550 2971 1660 3040 aufert
1677 2986 1817 3040 mortem
1836 2986 2021 3042 aetememt
2042 2986 2150 3044 tamen
2168 2982 2309 3064 propter
2323 2979 2495 3050 iustitiam

411 3073 416 3083 '
465 3071 556 3128 extat
587 3058 727 3126 illustris
754 3057 931 3145 explicatio
961 3062 1135 3127 doctrinae
1163 3064 1206 3126 da
1231 3064 1444 3147 poenitentia,
1496 3058 1626 3147 aliquas
1649 3082 1776 3147 poenas
1798 3063 1947 3147 imponit,
1971 3074 2003 3128 et
2024 3075 2062 3128 ut
2082 3064 2188 3148 ipsius
2210 3066 2354 3146 iustitia,
2379 3081 2417 3133 et
2437 3070 2495 3135 ira

462 3150 552 3213 sicut
578 3149 721 3212 maxime
742 3149 968 3213 necessarium
991 3159 1045 3212 est
1074 3168 1148 3212 eum
1175 3144 1287 3213 locum
1308 3150 1444 3213 notissi-
1497 3149 1661 3227 adversus
1679 3149 2092 3234 peccatacorrspicianturz
2113 3162 2217 3215 toturn
2239 3173 2350 3237 genus
2369 3150 2516 3222 huma?

431 3264 433 3267 ·
461 3256 551 3300 rrrum
573 3253 652 3299 esse
674 3236 707 3297 in
730 3232 904 3312 Ecclesia,
933 3233 1011 3320 quie
1029 3232 1262 3319 complectitur
1283 3254 1445 3299 summam
1496 3254 1575 3299 num
1596 3232 1812 3300 horribilibus
1833 3236 1974 3300 miseriis
1993 3239 2026 3300 in
2048 3235 2114 3301 hac
2134 3237 2204 3303 vita
2224 3251 2354 3305 onerat.

461 3317 647 3423 Evangelii,
669 3332 703 3385 et
723 3330 889 3385 monstrat
916 3321 1130 3404 praecipuum
1153 3320 1352 3386 beneficium
1370 3319 1445 3385 Filii

462 3404 539 3484 Dei,
561 3424 628 3471 rmo
650 3417 688 3470 ut
708 3406 833 3471 initium
854 3402 915 3470 hrit
936 3404 1111 3472 Ecclesiae
1132 3418 1288 3492 receptae
1299 3408 1332 3470 in
1349 3427 1445 3491 para-
1583 3404 1621 3469 ln
1642 3402 1694 3470 his
1712 3406 1829 3491 poenis
1851 3417 1961 3471 temen
1984 3407 2183 3490 promittitur
2203 3405 2384 3476 Ecclesiae
2405 3431 2494 3478 con·

462 3493 537 3555 diso
570 3492 723 3555 doctrina
755 3494 798 3556 de
827 3493 1046 3576 poenitentia:
1081 3492 1130 3558 lta
1163 3513 1296 3576 semper
1327 3494 1444 3557 eodem
1497 3487 1632 3569 solatio,
1665 3503 1702 3555 ut
1729 3505 1809 3557 tunc
1834 3491 1928 3557 Dens
1950 3494 2025 3577 ipse
2053 3490 2153 3558 uestit
2175 3496 2299 3578 primos
2321 3510 2493 3579 parentes

462 3577 562 3641 modo
585 3578 618 3640 in
631 3574 789 3642 Ecclesia
809 3596 933 3643 souare
953 3576 1039 3643 haec
1060 3599 1128 3643 vox
1150 3580 1250 3644 debet
1271 3599 1381 3665 usque
1402 3580 1446 3644 ad
1497 3574 1587 3661 pelle
1609 3578 1762 3642 detracta
1783 3580 1826 3642 ab
1844 3577 1989 3657 ovicula,
2012 3600 2077 3664 qua
2095 3582 2238 3666 imagine
2256 3581 2493 3667 significatum

460 3661 754 3727 resurrectionem.
1239 3734 1242 3738 A
1468 3622 1473 3717 l
1498 3675 1552 3726 est
1573 3660 1729 3741 futurum,
1752 3676 1790 3727 ut
1811 3665 1908 3727 novis
1931 3667 2127 3749 corporibus
2138 3669 2330 3749 vestiemur,
2356 3681 2393 3735 et
2414 3673 2493 3757 qui·

807 3805 809 3810 .
1498 3750 1574 3813 darn
1595 3749 1715 3813 sumtis
1737 3751 1780 3814 ab
1798 3770 1888 3836 agno
1911 3748 2067 3816 Christo.'
2166 3806 2173 3813 .

548 3832 591 3898 Et
624 3830 766 3920 intelligi
800 3828 945 3900 lacilima
975 3834 1099 3915 poterit
1137 3833 1235 3899 huius
1275 3833 1446 3899 doctrinae

462 3939 603 3999 summa,
620 3921 651 3985 si
671 3921 813 4005 primum
832 3914 1018 4002 exemplum
1035 3921 1227 4005 aspiciatur,
1250 3922 1446 4004 ibiprimum
1583 3916 1680 3984 Hanc
1708 3930 1810 3985 totam
1836 3919 2007 3985 historiam
2035 3922 2174 4007 prodest
2200 3922 2401 4008 saepissime
2430 3946 2492 3993 co-

464 4008 615 4092 arguitur
648 4016 824 4090 peccatum
846 4024 933 4070 voce
961 4003 1044 4083 Dei,
1077 4018 1111 4071 et
1140 4028 1207 4071 non
1236 4008 1370 4072 dubium
1393 4017 1446 4071 est
1497 4006 1620 4090 gitare,
1652 4018 1689 4068 rrt
1717 4004 1783 4069 hoc
1805 4009 1877 4091 ipso
1901 4005 2051 4091 exemplo
2073 4029 2137 4073 nos
2166 4009 2208 4073 de
2229 4012 2386 4075 omnibus
2407 4034 2492 4098 par·

463 4103 647 4157 accusante
669 4092 755 4169 Deo,
787 4102 822 4155 et
842 4102 985 4155 sonante
1006 4092 1082 4175 ipso
1103 4094 1324 4158 tristissimam
1346 4112 1445 4157 eccu·
1497 4092 1586 4156 tibus
1604 4093 1849 4177 poenitentiae,
1865 4112 1926 4157 serr
1951 4095 2182 4159 conversionis
2204 4095 2493 4166 commonefacia-

463 4181 650 4256 sationem,
678 4173 883 4242 horribiliter
904 4196 1131 4261 expavescere
1153 4178 1331 4244 humanam
1352 4190 1446 4260 natu·
1496 4198 1582 4241 mus.
1627 4176 1705 4240 ltem
1736 4189 1771 4242 ut
1793 4180 1869 4242 ind'c
1890 4180 2059 4246 discamus
2086 4193 2166 4247 tunc
2188 4182 2379 4248 inchoatum
2403 4205 2493 4253 esse

463 4284 546 4328 ram.
590 4264 640 4328 lta
671 4265 811 4349 primum
844 4264 949 4326 extitit
981 4264 1136 4329 contritio
1169 4275 1248 4329 tunc
1274 4264 1445 4348 inprimis
1496 4264 1710 4328 ministerium
1731 4260 1906 4353 Evangelii
1914 4268 1980 4345 ,in
2025 4287 2068 4331 uo
2091 4287 2225 4351 semper
2247 4289 2313 4332 una
2335 4292 2405 4336 vox
2430 4293 2492 4338 so·

382 4354 385 4360 '
463 4350 668 4435 parentibus.
713 4347 755 4413 Et
776 4349 854 4436 quid
876 4349 920 4411 sit
942 4350 1110 4428 contritio,
1128 4350 1294 4435 quomodo
1313 4350 1390 4427 fiat,
1411 4351 1445 4413 in
1496 4359 1555 4413 nat
1576 4369 1724 4433 arguens
1746 4364 1902 4435 peccata,
1926 4361 1960 4417 et
1981 4289 2126 4420 chareus
2148 4356 2384 4422 remissionem
2404 4379 2492 4444 pro·

464 4436 582 4499 eodem
616 4433 769 4520 exemplo
803 4434 954 4519 conspici
992 4446 1115 4519 potest.
1158 4436 1301 4500 Accedit
1332 4436 1378 4501 ibi
1411 4447 1445 4500 et
1494 4445 1569 4520 pter
1588 4434 1616 4499 F
1618 4430 1719 4502 ilium.

466 4519 636 4587 consessio
659 4522 810 4604 peccati,
833 4522 911 4607 quia
935 4540 1056 4586 revera
1080 4541 1192 4587 coram
1213 4520 1289 4586 Deo
1312 4532 1445 4607 oportet

465 4607 554 4672 hanc
587 4608 834 4673 confessionem
865 4608 938 4673 lieri
945 4651 957 4688 ,
989 4626 1053 4696 uos
1085 4628 1165 4673 reos
1193 4626 1271 4675 esse
1298 4620 1332 4674 et
1357 4609 1444 4673 iuste
1581 4604 1708 4672 Verum
1736 4626 1805 4670 non
1827 4616 1953 4672 tantum
1983 4608 2015 4671 in
2037 4608 2103 4675 hac
2125 4611 2251 4675 recenti
2273 4623 2388 4679 aetate
2408 4614 2491 4681 Mo·

461 4694 581 4778 puniri.
1494 4692 1698 4770 nechoram,
1731 4694 1913 4758 obscurata
1943 4691 2004 4759 fuit
2027 4697 2178 4760 doctrina
2200 4697 2243 4762 de
2275 4703 2492 4781 poenitentia

1494 4775 1606 4843 multis
1627 4775 1840 4864 labyrinthis,
1868 4791 1902 4844 et
1924 4777 2019 4845 falsis
2042 4783 2271 4865 opinionibus,
2294 4787 2360 4851 sed
2383 4791 2491 4858 etiem

548 4864 681 4930 Deinde
702 4875 844 4930 sonante
864 4863 1087 4950 promissione
1113 4865 1314 4951 recipiuntur
1335 4863 1444 4929 Adam
1494 4865 1637 4930 vetustis
1660 4861 1785 4928 seculis
1808 4867 1942 4951 quando
1956 4865 2113 4933 Capones
2127 4867 2396 4937 satisfactionum
2410 4895 2491 4942 cre·

462 4951 615 5032 etlleva,
638 4950 723 5017 haec
741 4962 795 5017 est
811 4949 992 5030 absolutio,
1027 4972 1093 5053 qua
1109 4954 1232 5029 erudita,
1253 4951 1446 5016 accenditur
1495 4947 1689 5016 rerunthac
1703 4951 1935 5033 superstitiose
1957 4956 2185 5036 persuasione,
2209 4956 2491 5039 quodmereren-

461 5038 567 5117 fides,
600 5059 666 5125 que
697 5048 887 5124 agnoscunt
916 5057 955 5102 se
976 5038 1080 5123 rccrpi
1102 5056 1161 5123 per
1182 5037 1445 5104 misericordiam
1495 5048 1549 5101 trrr
1572 5036 1800 5100 remissionem
1823 5051 2054 5120 peccatorum,
2076 5054 2157 5105 tunc
2179 5062 2312 5127 quoque
2336 5065 2490 5133 magnae
2556 5063 2564 5072 ·

485 5138 598 5210 ropter
621 5145 735 5189 semen
758 5124 970 5209 promissum,
988 5111 1075 5191 elin
1098 5126 1200 5190 corde
1222 5141 1445 5189 novecorrso·
1497 5125 1658 5188 tenebrae
1680 5120 1823 5188 fuerunt.
1868 5122 1937 5188 Sed
1960 5126 1993 5189 in
2016 5126 2295 5211 disputationibus
2312 5135 2490 5201 recentio-
2524 5189 2527 5194 .

495 5214 558 5290 tio,
591 5223 646 5277 cst
666 5208 835 5276 inchoatio
868 5231 977 5275 novae
1005 5211 1229 5289 obedientiae,
1262 5229 1349 5296 quae
1380 5207 1446 5274 iarn
1496 5210 1543 5273 ris
1566 5210 1705 5287 aetatis,
1737 5205 1814 5293 plus
1843 5206 1905 5275 fuit
1934 5211 2208 5278 inextricabilium
2230 5217 2488 5302 quaestionum,

460 5296 575 5384 placet
602 5298 689 5364 Deo.
735 5296 783 5361 lta
813 5292 903 5361 facta
925 5306 978 5360 est
999 5297 1129 5384 integre
1152 5297 1340 5364 conversio.
1383 5296 1446 5359 lm·
1497 5307 1531 5361 et
1552 5293 1687 5359 omnino
1700 5292 1867 5361 silentium
1889 5292 1951 5361 fuit
1967 5300 2009 5363 de
2027 5296 2094 5363 fide
2112 5301 2295 5384 accipiente
2308 5305 2488 5372 remissio·

461 5397 631 5471 ponuntur
652 5396 685 5450 ct
706 5402 853 5471 poenae,
882 5378 1038 5449 videlicet
1064 5405 1155 5450 mors
1188 5400 1220 5449 et
1246 5383 1334 5449 eliae
1356 5379 1446 5447 cala·
1495 5401 1570 5446 nem
1593 5393 1820 5465 peccatorum.
1865 5383 1941 5448 idco
1967 5405 2034 5449 non
2057 5385 2192 5451 dubium
2215 5398 2269 5451 cst
2291 5384 2403 5456 fuisse
2426 5414 2489 5459 ne-
2556 5418 2560 5424 ·

462 5470 595 5539 mitatas
611 5469 710 5538 huius
731 5471 833 5551 vitae,
851 5469 930 5557 quia
945 5467 1040 5539 Deus
1062 5473 1128 5539 etsi
1148 5470 1283 5539 remittit
1300 5466 1445 5557 culpam,
1496 5471 1684 5534 cessariam
1702 5466 1956 5557 explicationem
1975 5490 2079 5539 verae
2097 5474 2272 5541 doctrinae
2296 5476 2346 5544 de
2365 5481 2489 5565 poeul-
