5892 6709
463 661 529 730 nr
931 658 933 662 ·
1076 658 1208 760 ¹run.
1230 658 1334 726 nter.
1352 658 1541 738 scaurus
1556 626 1837 725 uoonnuca
2144 679 2150 690 ·
2232 692 2240 702 -
2408 652 2481 721 rus

462 862 601 936 propter
620 868 685 914 noa
706 852 867 933 seriptum
895 862 967 928 est,
1000 860 1034 914 et
1064 850 1164 914 nobis
1186 860 1357 914 servatum
1378 860 1442 927 est,
1493 869 1514 913 a
1555 859 1688 913 umento
1710 848 1818 912 obiter
1837 844 1926 912 hanc
1947 864 2017 911 rem
2039 846 2222 930 attingunt,
2242 846 2305 910 sed
2326 864 2396 909 oon
2419 854 2479 910 est

462 947 498 1002 et
518 946 657 1021 propter
678 954 742 999 nas
765 936 926 1001 recitatur
947 945 982 1000 at
997 947 1133 1019 propter
1148 950 1305 1019 posteros
1324 936 1441 999 recita·
1492 936 1526 999 in
1548 934 1668 998 icanda
1700 934 1902 997 coniecturis
1935 930 2018 996 haec
2041 950 2156 1008 causa,
2190 944 2282 995 certa
2314 944 2348 995 et
2376 925 2477 995 clera

464 1022 563 1100 bitur,
586 1032 620 1085 et
642 1021 750 1085 donee
770 1017 919 1085 seculum
942 1021 1086 1099 liniatur,
1108 1040 1241 1083 sursum
1264 1032 1317 1085 est
1328 1019 1442 1084 Domi·
1492 1020 1679 1085 testimonia
1700 1016 1900 1100 proferenda
1921 1029 2017 1095 sunt,
2049 1017 2237 1123 exquibus
2260 1017 2384 1080 veteris
2407 1015 2475 1082 Ec·

462 1127 539 1185 nus,
572 1108 634 1172 sed
667 1108 765 1170 etiam
797 1106 851 1171 hic
883 1118 936 1171 est
968 1104 1091 1170 vetitas
1125 1105 1270 1183 Domini,
1310 1103 1441 1189 Corpus
1493 1101 1617 1171 cleslae
1644 1105 1839 1168 sententiam
1865 1100 2073 1189 colligamus.
2117 1104 2152 1168 si
2175 1103 2206 1167 ln
2230 1098 2393 1188 religione
2415 1122 2477 1166 ra·

463 1194 550 1257 enim
572 1189 717 1268 Domini,
751 1192 783 1256 in
812 1210 879 1275 qua
901 1189 1096 1265 resurrexit,
1120 1192 1152 1255 in
1175 1212 1241 1256 uno
1264 1189 1341 1256 loco
1364 1210 1441 1254 esse
1491 1187 1607 1255 lebnnt
1645 1191 1875 1267 coniecturae,
1918 1189 2027 1254 omnia
2068 1199 2224 1272 poterunt
2262 1179 2473 1252 labefactari.

463 1289 608 1362 oportet,
629 1278 753 1342 veritas
774 1277 847 1342 eins
868 1278 992 1360 ubique
1014 1278 1132 1342 dill'usa
1154 1289 1217 1341 est·
1264 1277 1441 1340 Dominum
1493 1275 1588 1341 llaec
1615 1295 1656 1341 eo
1690 1275 1785 1353 dico,
1819 1287 1856 1339 ut
1876 1270 1983 1338 lector
2011 1274 2196 1357 expendat,
2229 1274 2398 1359 quomodo
2439 1274 2476 1338 in

462 1383 545 1450 ergo
568 1363 758 1441 audiamus,
781 1372 816 1427 et
836 1363 926 1448 quod
954 1364 1027 1446 ipse
1049 1362 1241 1441 donaverit,
1263 1363 1305 1427 de
1326 1363 1441 1426 verbis
1491 1359 1655 1426 hocloco
1677 1358 1765 1425 alind
1788 1359 1998 1445 Augustinus
2019 1360 2126 1437 dicat,
2152 1356 2242 1423 aliud
2270 1378 2331 1443 per
2360 1360 2482 1423 conte

462 1449 535 1513 eius
556 1458 592 1513 et
612 1469 676 1513 nos
699 1449 861 1525 dicamrur,
883 1459 947 1512 etc.
991 1445 1128 1533 Vulgati
1145 1449 1281 1512 codices
1302 1447 1440 1526 hahent,
1491 1461 1620 1512 cturam
1640 1447 1877 1511 ratiocinantur
1904 1446 1977 1523 isti,
1999 1447 2054 1530 qui
2076 1465 2152 1509 eum
2174 1446 2216 1509 ad
2240 1464 2379 1509 coenam
2402 1442 2476 1508 Do·

461 1533 518 1598 hic
539 1543 593 1598 est
620 1534 744 1597 veritas
765 1530 947 1612 Dominus,
979 1553 1102 1617 corpus
1136 1534 1221 1598 enim
1244 1532 1376 1597 Domini
1406 1533 1440 1597 iu
1491 1534 1569 1597 mini
1590 1528 1803 1597 transferunt.
1847 1529 1930 1596 Cum
1953 1544 2062 1596 autom
2084 1529 2292 1614 Augustinus
2322 1529 2378 1595 hic
2400 1527 2476 1595 nul·

462 1639 530 1705 quo
552 1618 746 1695 resurrexit,
769 1637 835 1681 uno
857 1615 935 1683 loco
957 1639 1036 1683 esse
1058 1631 1182 1703 potest,
1206 1619 1266 1683 sed
1289 1620 1439 1684 homines
1491 1615 1558 1683 lam
1590 1618 1788 1683 mentionem
1822 1637 1950 1681 coenae
1983 1614 2121 1700 Domini?
2149 1614 2284 1695 iecerit,
2315 1636 2384 1681 rroa
2419 1627 2477 1684 est

461 1725 530 1769 non
552 1705 687 1768 omnino
709 1703 811 1767 rudes
828 1699 995 1767 literarum
1010 1701 1109 1770 facile
1126 1706 1272 1770 iudicare
1288 1715 1439 1789 possunt,
1492 1723 1606 1783 cansa,
1628 1724 1689 1769 cur
1710 1704 1765 1769 hic
1785 1700 1882 1767 loeus
1900 1701 2046 1767 offendat
2066 1721 2263 1788 quenquam.

461 1790 549 1855 hane
570 1785 747 1855 lectionem
769 1789 964 1853 mendosam
986 1810 1076 1854 esse.
1122 1787 1226 1855 Plane
1257 1788 1358 1854 hahet
1378 1789 1440 1855 ali·

462 1896 560 1961 quam
581 1872 768 1939 sedulitatis
789 1870 921 1938 laudem
944 1872 1141 1951 Gratianus,
1162 1877 1252 1961 qnod
1275 1896 1341 1938 non
1364 1894 1439 1960 gra·
1576 1872 1710 1939 Nullam
1731 1871 1786 1937 hic
1808 1872 2062 1957 disputationem
2080 1872 2216 1950 institui,
2239 1872 2476 1937 neminemde·

461 1974 561 2025 vatus
583 1972 636 2024 est
658 1972 707 2024 tot
739 1972 875 2023 autores
897 1974 1053 2025 excutere
1085 1972 1119 2025 et
1140 1958 1229 2025 hunc
1261 1962 1440 2025 sententia·
1491 1961 1581 2025 crevi
1603 1958 1749 2036 laedere,
1771 1978 1880 2044 neque
1902 1960 2080 2042 quidquam
2109 1958 2177 2022 dixi
2198 1960 2240 2022 ad
2263 1957 2366 2025 ullius
2392 1979 2476 2023 cou-

462 2067 536 2110 rum
563 2064 720 2110 acerrnm
749 2045 896 2130 undique
924 2065 966 2108 ex
987 2060 1054 2110 tam
1076 2047 1179 2112 variis
1208 2045 1294 2111 locis
1317 2065 1440 2131 conge·
1490 2044 1667 2112 tumeliam.
1696 2044 1835 2109 Tarrtnm
1852 2042 1940 2109 hunc
1963 2041 2074 2107 locum
2085 2043 2261 2129 Augustini
2278 2041 2476 2126 patefacere

462 2151 549 2208 rere,
571 2132 632 2195 sed
655 2150 729 2194 cum
751 2130 783 2193 io
808 2129 872 2194 hoc
895 2132 1047 2215 negotio,
1071 2134 1295 2196 conscientiae
1316 2133 1350 2196 in
1373 2134 1439 2196 dis·
1489 2131 1592 2209 volui,
1614 2132 1743 2215 dequo
1767 2149 1870 2212 saepe
1892 2131 2116 2213 interrogatus
2138 2148 2224 2207 sum,
2246 2130 2362 2215 Neque
2382 2132 2475 2214 quis·

462 2216 586 2284 crimen
610 2226 783 2293 vocentur,
803 2235 868 2279 non
886 2228 937 2278 est
953 2227 1058 2281 tutum
1078 2216 1262 2282 huiusmodi
1274 2218 1438 2301 excerptis
1490 2238 1587 2303 quam
1610 2236 1713 2302 aegre
1731 2216 1820 2281 lerre
1842 2216 1951 2293 debet,
1973 2215 2061 2299 quod
2084 2216 2116 2278 in
2141 2235 2178 2278 re
2200 2226 2292 2279 tanta
2314 2217 2476 2293 iudicavi,

461 2301 558 2365 iidem
583 2299 717 2365 habere.
762 2299 928 2364 lnterdum
950 2304 1133 2367 sententiae
1157 2317 1235 2367 sunt
1258 2299 1439 2379 mutilatae,
1490 2323 1558 2372 non
1580 2315 1705 2367 temere
1727 2300 1824 2366 fldem
1847 2298 2033 2365 habendam
2056 2320 2135 2364 esse
2163 2298 2265 2386 vulgo
2289 2302 2402 2367 citatis
2424 2313 2474 2367 te·-

462 2388 625 2451 interdum
657 2383 746 2450 male
778 2386 938 2450 detortae.
985 2386 1072 2452 ldem
1105 2389 1190 2452 enim
1219 2385 1285 2453 alio
1318 2390 1439 2452 dictum
1490 2389 1669 2466 stimoniis,
1710 2388 1770 2451 sed
1817 2386 2094 2451 considerandum
2127 2405 2222 2462 esse,
2268 2406 2335 2471 quo
2381 2385 2476 2468 loeo,

460 2468 550 2548 loco,
570 2491 638 2535 uon
660 2490 792 2554 semper
809 2472 895 2535 idem
917 2469 1016 2537 valet.
1050 2473 1168 2558 Neque
1188 2495 1274 2556 opus
1291 2486 1344 2538 est
1363 2494 1439 2556 pro·
1490 2495 1556 2558 quo
1580 2470 1739 2549 consilio,
1771 2473 1860 2537 dicta
1886 2472 1971 2548 sint,
2005 2470 2094 2536 llaec
2122 2489 2203 2535 cura
2231 2492 2305 2536 mea
2327 2493 2395 2537 non
2419 2483 2477 2538 est

460 2554 517 2621 cul
538 2553 689 2639 exempla
710 2574 885 2640 quaerere,
905 2554 961 2621 vel
981 2556 1066 2622 haec
1083 2581 1149 2623 una
1166 2560 1346 2645 Augustini
1364 2578 1440 2623 sen·
1490 2559 1765 2643 reprehendenda
1786 2559 1819 2621 in
1842 2557 1907 2635 his,
1926 2558 1979 2641 qni
2005 2559 2176 2621 veritatem
2187 2571 2363 2641 quaerunt,
2386 2558 2477 2623 Nam

462 2643 564 2705 tentia
587 2642 743 2718 ostendit,
767 2653 924 2725 quantum
946 2664 1009 2706 suo
1033 2646 1141 2725 posita
1162 2643 1240 2709 loco
1269 2647 1369 2709 distet
1395 2646 1438 2708 ab
1491 2646 1574 2710 siin
1609 2643 1684 2709 loro
1712 2644 1912 2707 arbitrantur
1940 2639 2072 2707 incivile
2101 2662 2195 2719 esse,
2229 2663 2295 2707 nou
2318 2645 2477 2728 inspecta

460 2727 643 2805 intellectu,
665 2745 763 2811 quem
780 2729 866 2809 parit
886 2728 920 2790 in
942 2724 1007 2791 alio
1025 2727 1114 2795 loco.
1490 2743 1558 2795 tota
1579 2728 1657 2816 lege
1680 2728 1905 2813 pronuntiare,
1926 2725 2029 2793 multo
2052 2729 2157 2813 magis
2179 2729 2210 2791 in
2232 2731 2477 2794 controversiis

1491 2814 1679 2902 religionis,
1718 2815 1814 2879 decet
1842 2833 1905 2878 nos
1928 2816 2056 2900 integra
2078 2815 2265 2878 testimonia
2288 2816 2475 2899 requirere.

547 2895 662 2961 Palam
683 2907 734 2961 est
746 2894 968 2979 Augustinum
989 2897 1044 2962 hio
1064 2898 1339 2983 prorsusnullam
1350 2920 1441 2964 meu·
1492 2903 1608 2987 Neque
1618 2922 1698 2967 vero
1722 2903 1898 2984 quisquam
1913 2897 1991 2963 mihi
2010 2900 2224 2982 persuaserit,
2246 2900 2477 2986 Augustinum

461 2984 583 3049 tionem
614 3002 741 3047 coenae
762 2981 896 3046 Domini
925 2981 1053 3063 iacere,
1088 2986 1182 3051 lubet
1207 2988 1323 3052 audire
1345 2984 1439 3050 Chri·
1490 2983 1660 3053 hocloco
1689 2988 1738 3050 sic
1766 2984 1907 3072 alligare
1929 3006 2054 3068 corpus
2076 2982 2200 3049 Christi
2230 2986 2273 3049 ad
2302 3008 2404 3051 unum
2425 2984 2476 3051 lo·

460 3083 548 3133 stum
579 3068 612 3131 in
641 3065 826 3153 Evangelio
864 3066 1073 3158 loquentem,
1107 3074 1184 3158 quia
1221 3074 1295 3157 ipse
1327 3092 1440 3135 coram
1492 3094 1578 3150 cum,
1600 3083 1637 3138 ut
1658 3093 1823 3159 nusquam
1846 3069 1926 3135 alibi
1948 3091 2026 3136 esse
2048 3089 2151 3155 posse
2172 3069 2357 3151 confirmet,
2377 3094 2477 3156 prae·

460 3174 550 3219 nune
571 3173 638 3217 non
661 3157 781 3219 doceat
802 3154 965 3219 homines.
999 3157 1164 3242 Loquitur
1185 3160 1284 3245 igitur
1302 3159 1343 3221 de
1360 3177 1440 3221 con·
1491 3159 1607 3223 sertim
1635 3179 1708 3224 cum
1742 3159 2103 3244 scripture⁰nusquam
2131 3154 2273 3222 affirmet
2301 3156 2478 3224 Christum

461 3240 651 3304 versatione
684 3236 826 3316 visibili,
862 3239 993 3325 qualem
1016 3256 1150 3327 oportet
1178 3263 1256 3308 esse
1278 3244 1438 3307 docentis.
1478 3247 1537 3310 ‚ita
1568 3265 1635 3309 uno
1667 3246 1700 3309 in
1733 3241 1812 3309 loro
1845 3262 1940 3322 esse,
1969 3256 2006 3309 ut
2037 3240 2115 3307 alibi
2151 3263 2228 3308 esse
2257 3265 2323 3308 non
2352 3246 2476 3330 possit.

460 3324 558 3390 Hanc
580 3337 681 3409 negat
709 3338 899 3408 competere
921 3326 1055 3393 Christo
1077 3330 1201 3414 passim
1224 3332 1309 3393 inter
1336 3329 1440 3393 homi·
1492 3331 1579 3404 Quid
1600 3330 1686 3394 enim
1708 3329 1819 3394 afferri
1841 3336 1969 3414 potest,
1993 3342 2125 3414 praeter
2145 3328 2310 3395 humanae
2331 3331 2477 3397 rationis

459 3430 540 3488 nes,
574 3413 652 3496 qnia
682 3423 835 3495 oporteat
852 3433 918 3476 uno
941 3414 973 3476 in
997 3412 1074 3479 loco
1098 3413 1250 3482 videlicet
1270 3417 1304 3481 in
1334 3413 1439 3480 coelis
1462 3449 1470 3499 ι
1490 3417 1657 3495 indicium,
1691 3437 1751 3482 cur
1772 3416 1840 3482 hoo
1869 3416 1967 3480 modo
1998 3411 2205 3479 includamus
2238 3414 2409 3481 Christum
2441 3419 2477 3483 in

459 3508 653 3580 perpetuam
670 3498 742 3561 eius
765 3515 844 3562 esse
867 3502 1167 3565 conversationem.
1491 3525 1590 3568 unum
1612 3500 1744 3566 locum?
1788 3502 1885 3576 Quod
1914 3502 1943 3565 si
1965 3502 2049 3565 satis
2079 3521 2156 3565 esse
2177 3514 2355 3585 putassent
2385 3516 2477 3569 vete·

1493 3609 1565 3666 res,
1607 3607 1773 3672 uunquam
1806 3588 1995 3651 extitissent
2021 3584 2110 3651 ullae
2144 3589 2397 3652 controversiae
2430 3590 2476 3655 de

545 3664 598 3728 Ne
620 3667 758 3729 verbum
780 3669 910 3750 quidem
934 3670 988 3732 hic
1015 3670 1058 3733 de
1079 3690 1185 3735 coena
1208 3670 1340 3735 Domini
1363 3670 1440 3734 dici·
1491 3674 1682 3759 praesentia
1716 3674 1867 3757 eorporis
1890 3672 2024 3736 Domini
2053 3674 2085 3735 in
2116 3692 2231 3737 coena.
2276 3674 2361 3747 Quis
2385 3676 2477 3740 enim

373 3753 378 3762 '
460 3763 523 3816 tur.
569 3749 710 3814 Tantum
734 3766 835 3839 negat
856 3755 1144 3818 conversationem
1161 3755 1337 3832 visibilem,
1382 3777 1439 3819 ua-
1492 3780 1558 3823 non
1580 3759 1661 3822 vidit
1682 3758 2250 3842 absurdaquaeconsequebantur?
2272 3761 2335 3824 sed
2354 3781 2476 3825 omnes
2518 3785 2526 3798 ·

343 3899 345 3904 .
459 3834 502 3900 lis
525 3847 577 3900 est
600 3838 771 3914 docentis,
805 3850 994 3920 competere
1023 3836 1156 3904 Christo
1185 3844 1321 3922 passim.
1398 3863 1440 3906 oc
1491 3845 1536 3909 ita
1572 3856 1766 3922 senserunt,
1787 3844 1942 3908 iudicium
1967 3844 2103 3908 rationis
2127 3845 2252 3909 dehere
2281 3849 2478 3930 scripturae

459 3922 537 3985 mihi
566 3922 698 4005 quidem
732 3944 797 3987 non
820 3925 952 3988 videtur
972 3937 1049 4014 apte
1079 3926 1122 3992 ad
1145 3946 1283 3991 coenam
1306 3924 1439 3990 Domini
1493 3929 1624 3996 cedere.
1668 3928 1711 3994 Et
1733 3930 1817 3994 idem
1840 3944 1939 3994 autor
1961 3930 2116 3995 lohannis
2138 3943 2237 3995 sexto
2267 3933 2310 3995 de
2331 3931 2476 3999 Christo

461 4007 662 4092 detorqueri.
706 4008 758 4071 Ac
780 4009 809 4070 si
833 4009 907 4092 quis
930 4022 999 4088 est,
1033 4010 1086 4073 cni
1107 4008 1162 4074 hic
1183 4008 1281 4075 locus
1303 4032 1439 4094 persua·
1490 4016 1606 4101 inquit,
1624 4011 1726 4079 filium
1749 4016 1907 4092 hominia,
1939 4018 2070 4080 tametsi
2091 4030 2281 4081 versaretur
2311 4020 2476 4101 interra,

460 4094 528 4171 det,
550 4093 772 4179 angustinum
796 4095 946 4158 sensisse
968 4098 1056 4179 quod
1080 4117 1203 4179 corpus
1227 4095 1349 4161 Christi
1372 4120 1437 4162 non
1490 4113 1599 4166 tamen
1633 4102 1665 4163 in
1688 4102 1812 4165 unitate
1838 4123 2003 4187 personae
2020 4105 2052 4166 in
2082 4099 2177 4167 coelo
2207 4100 2332 4184 inisse,
2368 4108 2476 4170 verba

460 4180 558 4242 sitin
581 4178 765 4254 coena,is,
788 4181 1023 4257 meoiudicio,
1055 4183 1156 4246 utitur
1179 4184 1370 4247 coniectura
1392 4180 1439 4248 le·
1491 4188 1562 4251 eius
1590 4186 1675 4251 haec
1708 4198 1803 4266 sunt,
1836 4186 1989 4252 Christus
2022 4209 2105 4274 ergo
2139 4209 2224 4258 trtius
2243 4202 2294 4253 est
2318 4192 2474 4270 verbum,

460 4265 566 4340 viore,
588 4283 685 4347 qnam
706 4282 760 4325 res
781 4277 873 4327 tanta
885 4263 1040 4347 postulat.
1076 4265 1150 4354 Ego
1173 4269 1438 4352 quitlemnovum
1490 4274 1600 4336 anima
1622 4284 1655 4336 et
1677 4294 1767 4336 caro.
1811 4271 1907 4337 Unus
1936 4271 2091 4338 Christus
2121 4271 2207 4339 silius
2229 4275 2293 4341 Dei
2322 4290 2358 4341 et
2381 4275 2474 4342 lilius

460 4349 582 4433 dogma
604 4351 637 4412 in
660 4345 814 4412 Ecclesia
836 4364 973 4415 secutus
998 4352 1083 4415 hanc
1110 4354 1333 4418 coniecturam
1363 4375 1439 4438 pro·
1489 4355 1643 4437 hominis,
1664 4357 1758 4422 Unus
1781 4357 1935 4422 Christus
1958 4358 2044 4423 iilius
2058 4360 2120 4425 Dei
2143 4382 2286 4446 semper,
2309 4361 2476 4428 liliusho·

459 4433 543 4497 litari
566 4454 633 4497 non
657 4432 766 4497 velim.
811 4433 897 4498 Tota
919 4439 1025 4501 oratio
1048 4438 1090 4502 de
1111 4451 1271 4523 perpetua
1299 4460 1438 4505 conver·
1489 4443 1586 4508 minis
1609 4464 1651 4507 ex
1673 4455 1830 4528 tempore.
1858 4443 1980 4507 'laurea
2003 4467 2088 4510 nnus
2107 4444 2260 4512 Christus
2283 4450 2475 4514 seeundum

459 4520 589 4582 satione
610 4517 774 4614 loquitur,
805 4518 855 4583 Ex
878 4542 943 4605 qua
965 4524 995 4586 si
1017 4545 1116 4588 unum
1139 4546 1273 4589 versum
1295 4537 1438 4591 transtu·
1489 4529 1645 4594 unitatem
1667 4549 1833 4613 personae
1854 4532 1886 4593 in
1910 4527 2005 4594 coelo
2029 4544 2117 4605 erut,
2150 4534 2283 4616 quando
2315 4535 2349 4597 in
2382 4547 2475 4599 terra

460 4601 596 4668 lerimus
621 4606 662 4668 ad
678 4604 770 4669 alios
792 4609 1000 4688 praesentiae
1022 4610 1152 4687 modos,
1170 4613 1336 4694 quomodo
1353 4614 1437 4675 scie·
1490 4611 1701 4697 loquebatur,
1724 4615 1773 4678 sic
1792 4627 1864 4679 erat
1881 4614 1968 4680 lilius
1991 4616 2132 4681 hominis
2154 4619 2187 4681 in
2212 4618 2342 4698 coelo,
2356 4641 2472 4705 quem-

458 4710 532 4756 mus
554 4689 776 4775 Augustinnm
800 4690 951 4757 voluisse
969 4695 1058 4759 hunc
1079 4694 1121 4758 de
1142 4696 1209 4761 alia
1231 4716 1267 4761 re
1289 4695 1438 4782 intelligi,
1489 4700 1664 4765 admodum
1697 4697 1784 4764 lilius
1806 4699 1870 4765 Dei
1900 4713 1972 4766 erat
1999 4704 2032 4765 in
2061 4716 2166 4781 terra,
2199 4703 2304 4768 Filius
2338 4703 2403 4769 Dei
2437 4709 2472 4771 in

458 4796 578 4860 quam,
612 4778 654 4841 de
685 4798 751 4862 qua
784 4777 815 4840 in
849 4782 1039 4861 praesentia
1067 4777 1274 4868 loquebatur.
1322 4781 1437 4867 Vulgo
1490 4786 1635 4850 terrain
1658 4799 1816 4870 suscepta
1839 4807 1950 4866 came,
1973 4788 2073 4853 Filias
2095 4788 2237 4853 hominis
2260 4790 2412 4855 incoelo
2436 4793 2471 4857 iu

458 4861 549 4925 aiunt
576 4866 682 4927 verba
714 4864 897 4927 secundnm
931 4867 1114 4930 subiectam
1147 4870 1318 4933 materiam
1349 4870 1437 4934 arci·
1488 4872 1613 4936 unitate
1633 4890 1811 4953 personae.

457 4948 578 5031 pienda
601 4967 691 5027 esse,
713 4951 801 5031 quod
824 4951 852 5014 si
876 4948 930 5014 hic
951 4950 1102 5028 iacimus,
1124 4951 1225 5018 facile
1247 4957 1369 5037 poterit
1389 4957 1437 5019 in·

457 5031 562 5119 telligi
586 5032 675 5100 hunc
695 5030 804 5099 loreum
828 5055 894 5101 non
919 5039 1120 5122 patrocinari
1148 5037 1214 5117 his,
1234 5043 1291 5125 qui
1311 5050 1438 5127 negant
1574 5040 1648 5125 Ego
1666 5044 1767 5126 igitur
1787 5061 1906 5107 moneo
1933 5040 2110 5123 lectorem,
2138 5046 2277 5129 primum
2298 5058 2335 5111 ut
2357 5050 2469 5112 memi-

458 5139 581 5205 corpus
599 5119 733 5185 Domini
754 5120 876 5187 adesse
894 5124 927 5187 in
949 5142 1066 5191 coeno.
1207 5205 1210 5212 Ι
1490 5127 1574 5191 nerit
1596 5147 1662 5191 non
1686 5148 1788 5212 posse
1809 5129 1851 5192 de
1873 5149 1978 5194 coena
1991 5128 2125 5195 Domini
2148 5152 2188 5195 ex
2209 5131 2276 5197 hoc
2289 5132 2470 5220 Augustini

1488 5210 1566 5275 loco
1598 5213 1754 5292 indicari,
1785 5235 1859 5279 cum
1890 5216 1961 5279 eius
1990 5217 2037 5279 rei
2066 5214 2157 5281 nulla
2180 5216 2237 5281 liat
2257 5219 2303 5282 ihi
2331 5221 2468 5300 mentio,

542 5290 619 5354 Non
658 5291 777 5376 ignoro
808 5290 913 5358 multa
938 5295 1064 5378 passim
1088 5315 1266 5361 occurrere
1287 5296 1376 5362 dicta
1403 5298 1436 5362 in
1489 5297 1630 5383 Quoquo
1652 5300 1753 5364 modo
1774 5302 1935 5365 autoritas
1957 5298 2053 5366 huius
2082 5300 2148 5367 lori
2170 5303 2388 5383 defendatur,
2419 5318 2468 5369 ta·

386 5432 389 5436 ,
457 5377 689 5461 scriptoribus,
711 5398 798 5463 qnae
820 5399 879 5443 sus
905 5379 979 5445 icax
1001 5380 1168 5468 ingenium
1191 5384 1281 5449 varic
1301 5381 1437 5447 allicere
1488 5404 1563 5448 men
1599 5405 1665 5449 non
1699 5386 1798 5450 dehet
1829 5383 1905 5471 plus
1934 5384 2047 5451 valere
2077 5409 2176 5473 qnam
2208 5386 2273 5453 alia
2308 5387 2403 5455 rlara
2435 5403 2468 5456 et

457 5476 589 5547 queant.
631 5462 718 5555 Nam
750 5461 834 5530 alias
892 5468 953 5531 'ter
975 5464 1173 5554 loquuntur,
1207 5489 1283 5534 cum
1310 5471 1344 5535 in
1369 5465 1436 5534 alio
1487 5481 1603 5553 aperta
1622 5472 1811 5538 testimonia
1822 5470 1938 5537 llilarii
1958 5484 2017 5538 aut
2033 5470 2163 5561 Cyrilli,
2182 5496 2268 5561 quae
2289 5474 2468 5543 manifeste
