5892 6709
471 635 538 702 655

466 836 500 890 et
522 823 613 910 quod
634 822 787 887 remissio
809 823 953 907 pendeat
986 844 1027 887 ex
1061 821 1249 888 conditione
1277 841 1446 886 enumera·
1469 824 1476 921 j

465 911 578 988 tionis,
600 912 677 995 quia
700 910 813 974 dicunt
830 911 985 974 divinitus
1007 921 1219 995 praeceptam
1242 928 1331 973 esse.

554 1081 627 1146 Hae
650 1093 719 1144 tres
753 1079 926 1162 opiniones
959 1076 1066 1143 falsae
1089 1095 1177 1158 sunt,
1202 1090 1235 1144 et
1263 1082 1446 1144 obscurant

466 1165 609 1254 gloriam
633 1164 708 1229 Filii
721 1164 796 1242 Dei,
820 1178 853 1229 et
871 1177 949 1230 suut
970 1163 1079 1250 laquei
1099 1167 1389 1242 conscientiarum,
1412 1178 1448 1229 ut

466 1261 604 1320 constat
625 1251 750 1317 multos
771 1252 991 1336 ambigentes,
1014 1273 1057 1315 an
1080 1256 1162 1317 satis
1185 1274 1268 1337 pure
1299 1249 1446 1315 confessi
1469 1235 1475 1274 ¹

466 1350 592 1418 essent,
615 1340 649 1404 in
671 1338 800 1423 magnis
822 1340 1029 1402 moeroribus
1051 1336 1166 1403 fuisse.
1211 1335 1302 1402 Talis
1320 1337 1447 1402 dubita-

465 1428 513 1491 tio
536 1424 634 1489 fidem
658 1437 691 1489 et
713 1425 957 1488 invocationem
979 1426 1126 1509 impedit,
1155 1436 1188 1489 et
1209 1436 1267 1487 aut
1290 1425 1446 1509 despera·

465 1512 600 1587 tionem,
623 1522 682 1574 aut
703 1508 903 1592 Epicureum
926 1521 1127 1574 contemtum
1150 1511 1268 1574 adfert.
1297 1509 1449 1574 Necesse

467 1608 519 1661 est
540 1598 638 1683 igitur
661 1607 694 1660 et
717 1597 887 1660 veritatem
910 1596 1060 1678 conspici
1082 1598 1114 1659 in
1132 1595 1297 1675 Ecclesia,
1322 1607 1355 1660 et
1376 1593 1448 1659 vul·

465 1702 550 1749 nera
573 1682 997 1748 conscientiarum'sanari.

488 1889 490 1896 ·
552 1851 765 1918 Manifestum
798 1863 850 1917 est
878 1862 987 1917 autem
1009 1854 1043 1916 in
1065 1873 1190 1918 arcana
1220 1850 1447 1931 confessione,

466 1942 746 2006 enumerationem
780 1939 937 2016 omnium,
967 1936 1020 2002 vel
1048 1959 1230 2023 paucorum
1254 1937 1446 2004 delictorum

465 2047 534 2093 non
567 2045 644 2091 esse
673 2036 884 2109 praeceptam
916 2025 988 2088 iure
1010 2025 1141 2104 divino,
1174 2026 1251 2109 quia
1283 2047 1446 2112 nusquam

464 2132 553 2179 uoce
586 2109 722 2190 Christi,
754 2122 811 2175 aut
833 2109 1094 2197 Prophetarum,
1127 2104 1186 2176 a‘ut·
1206 2109 1445 2195 Apostolorum

465 2196 678 2284 praecipitur.
732 2194 777 2260 Et
795 2197 997 2262 enumeratio
1020 2194 1227 2283 singulorum
1250 2209 1302 2262 est
1323 2199 1447 2281 impos·

467 2280 584 2363 sibilis,
605 2284 684 2369 quia¹
703 2280 804 2348 valde
825 2281 928 2348 multa
949 2295 1027 2348 sunt
1049 2296 1173 2362 errata,
1195 2295 1228 2347 et
1246 2282 1447 2349 delictasin-

514 2367 640 2447 lorum,
673 2387 759 2454 quae
791 2389 855 2433 nec
888 2368 1095 2455 intelligunt,
1133 2392 1196 2436 nec
1228 2372 1447 2435 meminerunt

478 2468 557 2520 uxta
586 2453 683 2520 illud:
717 2453 847 2520 Delicta
879 2455 954 2541 quis
976 2453 1152 2543 intelligit?
1217 2455 1296 2520 ldeo
1319 2468 1447 2520 certum

466 2550 533 2619 est,
568 2541 795 2606 conscientias
823 2561 1032 2627 nequaquam
1065 2544 1255 2607 onerandas
1278 2563 1356 2606 esse
1378 2542 1445 2605 sin·

466 2625 638 2712 galerum·
654 2629 911 2705 enumeratione,
941 2640 973 2691 et
995 2647 1204 2714 nequaquam
1226 2630 1373 2714 pendere
1395 2646 1447 2691 re·

465 2714 658 2778 missionem
682 2733 723 2778 cx
746 2713 1005 2778 enumeratione.

553 2881 649 2948 Hanc
672 2883 855 2947 doctrinam
877 2883 1102 2949 necessariam
1124 2903 1201 2948 esse
1216 2883 1293 2970 piis,
1314 2878 1475 2948 manife·

465 2981 552 3035 stum
565 2982 628 3048 est,
652 2969 929 3054 quiatristissima
952 2969 1143 3034 carnificina
1166 2972 1448 3047 excruciarentur,
1469 2951 1477 3062 Ι

464 3057 494 3120 si
517 3067 673 3139 putarent
695 3053 826 3142 singula
850 3057 1037 3120 nominatim
1061 3058 1233 3120 recitanda
1258 3076 1354 3137 esse,
1384 3076 1478 3272 nec1

527 3312 626 3380 Nunc
639 3322 748 3378 autern
762 3314 804 3378 de
817 3311 882 3378 hac
894 3314 1090 3398 quaestione
1105 3333 1172 3377 non
1182 3313 1359 3399 disputabo
1372 3333 1450 3396 pro·

463 3395 576 3479 lisias,
597 3420 672 3464 cunr
695 3396 870 3464 manifesta
892 3403 936 3464 sit
956 3401 1099 3479 veritas,
1133 3411 1165 3464 et
1187 3412 1264 3464 ante
1286 3399 1373 3464 hanc
1394 3418 1450 3463 ae·

1096 630 1211 698 PHlL.
1232 630 1337 699 lllEL.
1359 630 1548 699 SCRIPTA
1568 631 1849 699 noetianos.

2423 583 2504 697 rai

1498 822 1759 899 misericordiae,
1782 833 1882 907 agant
1904 823 2049 908 gratias,
2083 824 2174 908 quod
2206 834 2344 909 propter
2365 822 2489 893 Filium

1500 909 1663 993 receperit
1695 928 1802 993 genus
1836 905 2013 972 humanum
2048 906 2178 992 prolato
2208 911 2406 975 admirando
2430 913 2488 977 de·

1499 1006 1591 1058 creto
1620 1016 1662 1058 ex
1694 1014 1819 1057 arcano
1852 994 1937 1059 sinu.
1983 994 2112 1058 Deinde
2140 1007 2271 1080 petatur
2302 994 2488 1078 absolutio,

1499 1101 1585 1167 quae
1615 1092 1667 1144 est
1699 1100 1764 1144 vox
1796 1082 1965 1145 ministerii
1988 1079 2181 1168 Evangelici
2205 1083 2356 1167 privatim
2378 1082 2488 1168 appli-

1500 1187 1582 1231 cans
1615 1168 1844 1230 remissionem
1867 1168 2002 1250 petenti,
2038 1188 2111 1231 curn
2131 1165 2234 1232 l'ilius
2257 1167 2320 1232 Dei
2344 1170 2488 1233 dixerit:

1503 1251 1652 1324 Quorum
1664 1253 1856 1316 remiseritis
1874 1264 2026 1336 peccata,
2048 1255 2253 1318 remittentur
2275 1256 2337 1333 eis,
2370 1267 2404 1320 et
2426 1275 2489 1339 po·

1498 1341 1602 1401 suerit
1624 1340 1656 1401 in
1680 1340 1776 1401 nobis
1788 1359 1974 1402 sermonem
1987 1336 2285 1410 reconciliationis:
2308 1340 2381 1425 Ego
2394 1364 2489 1406 rnan·

1499 1424 1576 1488 dato
1599 1422 1670 1488 Filii
1693 1423 1770 1502 Dei,
1801 1427 1959 1489 annuntio
1993 1426 2050 1489 tibi
2085 1446 2201 1490 vocem
2223 1425 2398 1513 Evangelii
2433 1445 2487 1493 re·

1499 1511 1681 1574 mittentem
1715 1521 1872 1592 peccata,
1905 1523 1939 1574 et
1971 1512 2030 1575 tibi
2062 1513 2125 1595 ipsi
2158 1524 2298 1595 peccata
2320 1514 2441 1577 remitti
2465 1535 2489 1579 a

1499 1595 1574 1659 Deo
1607 1597 1785 1681 pronuntio
1818 1610 1955 1681 propter
1977 1594 2093 1661 Filium
2122 1596 2301 1662 Dominum
2330 1613 2489 1664 nostrum

1499 1685 1604 1746 lesum
1623 1680 1803 1764 Christum,
1839 1683 2032 1746 crucifixum
2053 1703 2115 1767 pro
2138 1685 2248 1761 nobis,
2284 1695 2316 1747 ot
2338 1686 2489 1749 resusci-

1499 1780 1613 1832 tatum.
1636 1768 1688 1831 Ac
1711 1768 1878 1852 praecipio
1903 1769 1972 1846 tihi,
1995 1788 2038 1832 ne
2056 1770 2247 1854 asperneris
2271 1782 2411 1834 mortem
2433 1770 2489 1834 Fi·

1498 1851 1532 1917 lii
1555 1853 1630 1932 Dei,
1654 1874 1740 1938 quae
1761 1874 1822 1939 pro
1845 1866 1890 1931 te,
1913 1867 1947 1919 et
1968 1851 2103 1940 reliquis
2123 1856 2337 1950 medentibus
2355 1853 2489 1920 fuitse-

1499 1938 1656 2004 crificium
1681 1937 1820 2024 placans
1843 1940 1924 2003 iram
1947 1942 2073 2004 aeterni
2085 1940 2207 2020 Patris,
2229 1942 2291 2006 sed
2312 1962 2395 2005 vere
2415 1962 2490 2007 cre·

1499 2029 1561 2090 das
1595 2026 1809 2110 promissioni
1840 2024 2027 2114 Evangelii,
2062 2039 2095 2090 et
2117 2039 2244 2092 statuas
2273 2038 2307 2091 te
2337 2029 2444 2112 recipi
2467 2049 2491 2093 a

1498 2111 1588 2190 Deo,
1610 2134 1684 2177 cum
1707 2113 1817 2176 credis
1839 2112 1896 2176 tibi
1918 2114 1982 2196 ipsi
2004 2125 2142 2201 propter
2162 2112 2253 2178 hunc
2268 2115 2491 2179 mediatorem

1498 2200 1631 2264 remitti.
2205 2237 2212 2246 ·

1585 2368 1680 2434 Hanc
1710 2366 1953 2434 absolutionem
1985 2371 2133 2434 sciamus
2165 2390 2231 2433 non
2266 2390 2344 2434 esse
2358 2389 2493 2437 vocem

1498 2454 1662 2520 humanae
1680 2456 1880 2533 autoritatis,
1903 2456 1962 2518 sed
1983 2456 2127 2532 divinae,
2162 2458 2314 2520 sonantis
2337 2458 2369 2521 in
2395 2458 2493 2521 ruini·

1499 2544 1602 2606 sterio
1625 2538 1811 2627 Evangelii,
1835 2543 1922 2606 sicut
1944 2539 2053 2605 David
2078 2538 2175 2606 valde
2197 2540 2406 2606 cumulasset
2426 2562 2494 2607 sua

1499 2639 1650 2712 peccata,
1673 2627 1702 2690 si
1725 2647 1792 2690 non
1827 2628 2028 2691 credidisset
2047 2628 2124 2692 voci
2146 2627 2295 2692 Nathan:
2318 2626 2494 2694 Dominus

1499 2711 1636 2778 abstulit
1668 2719 1841 2795 peccatum
1871 2723 1971 2778 tuum.
2016 2712 2065 2777 lta
2098 2725 2240 2797 peccant
2271 2734 2411 2791 omnes,
2433 2715 2495 2800 qul

1499 2801 1532 2864 in
1550 2799 1752 2884 pavoribus,
1787 2809 1819 2863 et
1850 2798 1885 2862 ln
1910 2800 2120 2947 poenitentia
2143 2796 2261 2864 nolant
2282 2798 2496 2866 absolutioni

1500 2886 1651 2963 credere,
1675 2897 1708 2949 et
1719 2904 1792 2948 eam
1804 2904 1908 2949 conso
1925 2886 2069 2950 ationem
2083 2886 2256 2952 admittere
2268 2884 2401 2965 nolunt,
2425 2905 2496 2951 nee

1500 2972 1641 3036 redeunt
1674 2972 1718 3036 ad
1749 2971 2007 3050 invocationem,
2040 2991 2105 3036 nec
2136 2991 2176 3037 se
2196 2971 2263 3037 fide
2283 2983 2318 3036 et
2338 2992 2404 3057 spe
2426 2974 2494 3037 eri·

1501 3068 1595 3144 gunt.

1587 3224 1650 3291 llic
1682 3227 1782 3292 etiam
1813 3245 1956 3291 necesse
1988 3237 2042 3291 est
2073 3225 2180 3292 taxari
2212 3200 2302 3293 hunc
2335 3246 2498 3295 errorem

1500 3312 1754 3391 Monachomm,
1787 3314 1877 3399 qnod
1906 3313 2060 3377 dixerunt
2093 3310 2337 3379 absolutionem
2360 3317 2499 3381 irritam
2540 3387 2543 3392 ,

1501 3419 1590 3477 esse,
1613 3401 1642 3463 si
1665 3419 1733 3462 non
1755 3400 1799 3464 sit
1821 3396 1992 3464 sufficiens
2016 3400 2181 3464 contritio.
2226 3398 2293 3464 Sed
2315 3402 2429 3465 sciant
2444 3401 2499 3487 pn

354 4571 356 4576 .
462 4517 543 4582 rino

463 3141 585 3207 remitti
607 3154 748 3228 peccata
769 3142 842 3206 sine
863 3138 922 3207 illa
943 3143 1041 3207 auxia
1063 3144 1266 3209 recitatione.

463 3494 564 3551 tatem
582 3486 736 3570 saniores
759 3486 942 3570 scriptores
964 3487 1010 3551 ita
1027 3486 1258 3564 iudicaverint,
1279 3506 1449 3551 enumera·
1501 3496 1658 3572 oportere
1691 3484 1763 3549 fieri
1781 3486 2047 3564 conversionem,
2080 3486 2168 3549 sicut
2189 3486 2420 3551 iusiurandum
2442 3489 2498 3552 ln·

463 3572 587 3636 donem
609 3568 816 3655 singulorum
836 3577 905 3635 ¹non
928 3573 1074 3656 praecipi
1095 3572 1167 3636 iure
1199 3572 1330 3656 divino,
1363 3572 1449 3635 sicut
1501 3571 1587 3658 quit:
1632 3570 1720 3637 Vivo
1753 3589 1836 3657 ego,
1866 3570 1946 3637 nolo
1969 3583 2108 3635 mortem
2131 3574 2333 3654 peccatoris,
2368 3574 2433 3638 sed
2456 3583 2500 3639 nt

430 3667 578 3742 ·eperte
610 3656 714 3742 inquit
748 3655 1020 3736 Panonnitanus,
1055 3670 1088 3720 et
1121 3655 1383 3743 chrysostomus
1416 3658 1448 3719 in
1501 3667 1716 3722 convertatur
1738 3668 1771 3720 et
1794 3658 1896 3723 vivat.
1942 3655 2085 3740 Oportet
2117 3658 2220 3744 igitar
2240 3656 2388 3744 aliquam
2411 3678 2499 3725 esse

462 3741 675 3809 enarratione
691 3738 818 3807 Psalmi
839 3742 893 3806 50.
916 3742 1011 3806 dicits
1034 3741 1070 3807 Si
1092 3743 1194 3826 pudet
1215 3740 1316 3808 alicui
1338 3743 1450 3807 dicere
1501 3743 1743 3820 contritionem,
1776 3753 1809 3806 et
1841 3762 1908 3807 non
1930 3744 2063 3807 retineri
2082 3745 2289 3826 propositum
2310 3746 2497 3832 peccandi,

460 3837 614 3915 peccata,
637 3828 737 3893 dicito
760 3848 801 3892 ea
823 3829 969 3914 quotidie
991 3828 1024 3892 in
1047 3828 1156 3892 anima
1178 3838 1252 3902 tua,
1282 3847 1350 3891 non
1373 3829 1449 3892 dico
1501 3841 1535 3892 et
1567 3830 1771 3893 accendatur
1803 3826 1905 3907 fides,
1938 3840 1973 3893 et
1995 3830 2039 3893 sit
2057 3829 2176 3893 deinde
2199 3831 2287 3902 bona
2309 3833 2495 3896 conscien-

462 3928 499 3982 ut
521 3913 713 3979 confitearis
726 3933 893 3979 conservo
916 3925 985 3993 tuo,
1007 3927 1042 3979 ot
1065 3916 1121 3979 tibi
1135 3916 1326 4000 exprobret,
1349 3915 1448 3979 dicito
1500 3916 1557 3994 tia,
1578 3915 1611 3978 id
1634 3925 1698 3992 est,
1725 3915 1933 3998 propositum
1961 3934 2028 3980 non
2051 3912 2194 3980 faciendi
2216 3929 2334 3981 contra
2356 3918 2498 3981 consci-

460 3997 539 4068 Deo
562 4002 617 4088 qui
640 4012 738 4066 sanat
760 4020 811 4065 ee.
855 4000 928 4066 Nec
947 4012 1000 4064 est
1020 4000 1053 4064 in
1072 4020 1194 4088 graeca
1215 3998 1372 4065 Ecclesia
1394 4000 1450 4064 hic
1501 4002 1632 4066 entiam.
1677 3999 1769 4064 llaec
1789 4021 1862 4066 cum
1885 4001 2017 4079 adsunt,
2040 4002 2259 4067 certissimum
2280 4015 2331 4065 est
2348 4000 2497 4069 absolu·

461 4107 538 4155 mos
559 4088 817 4152 enumerationis
838 4107 1046 4152 arcanorum.
1500 4088 1621 4151 tionem
1653 4097 1758 4151 ratam
1792 4098 1826 4150 et
1859 4085 1985 4150 firmam
2015 4107 2105 4164 esse,
2137 4108 2238 4172 quam
2289 4088 2400 4152 uidem
2424 4087 2499 4153 fide

402 4184 405 4192 '
1500 4182 1632 4256 oportet
1664 4175 1759 4321 accip

1761 4172 1789 4250 i,
1822 4191 1909 4256 quae
1940 4192 2007 4237 non
2041 4183 2154 4256 potest
2186 4109 2384 4238 simulasse
2414 4196 2499 4241 cum

1500 4258 1672 4342 proposito
1695 4258 1736 4322 de
1752 4258 1917 4341 inquendi,
1940 4271 1974 4322 ct
1995 4258 2080 4322 fides
2103 4260 2250 4323 intuetur
2270 4257 2389 4323 Filium
2413 4258 2498 4340 Dei,

1499 4354 1636 4430 propter
1658 4341 1747 4408 hunc
1770 4344 1886 4408 statuit
1917 4345 2007 4408 iuxta
2029 4345 2283 4429 promissionem
2306 4347 2414 4431 gratis
2438 4367 2498 4412 re·

1499 4431 1603 4494 missa
1621 4448 1700 4493 esse
1720 4441 1872 4511 peccata,
1906 4435 1974 4495 non
2005 4444 2144 4515 propter
2166 4432 2414 4511 contritionem,
2432 4444 2499 4500 aut

1501 4517 1627 4605 gradus
1650 4516 1868 4594 contritionis,
1892 4527 1949 4580 aut
1972 4516 2219 4582 consessionem
2242 4530 2306 4581 etc.

551 4255 678 4322 Omitto
700 4269 809 4326 autem
831 4257 898 4324 hoc
920 4255 997 4322 loco
1019 4254 1250 4322 refutationem
1272 4277 1448 4344 argumen-

463 4354 589 4423 torum,¹
607 4344 728 4430 quibus
750 4344 933 4409 adversarii
952 4344 1129 4410 ostendere
1141 4356 1315 4423 conantur,
1332 4362 1449 4408 neces·

463 4430 586 4495 sariam
604 4449 682 4494 esse
704 4431 983 4496 enumerationem
1006 4427 1230 4516 singulorum,
1253 4441 1286 4493 et
1305 4430 1379 4493 iure
1402 4430 1449 4494 di·

601 4528 799 4602 raeceptam.
844 4516 928 4582 Nam
961 4514 1043 4582 alibi
1076 4519 1118 4581 de
1146 4518 1195 4581 eis
1218 4519 1302 4581 satis
1326 4516 1447 4583 dictum

463 4613 527 4668 est.
571 4537 625 4667 lc
657 4605 767 4669 sciunt
796 4604 860 4688 ipsi
892 4603 1078 4667 adversarii
1100 4601 1223 4667 sebas
1246 4603 1448 4689 praestigias

463 4687 634 4755 offundere
657 4688 786 4769 oculis,
820 4702 854 4754 et
875 4690 991 4753 animis
1013 4687 1147 4775 populi,
1182 4710 1249 4753 non
1280 4689 1369 4773 quod
1398 4690 1449 4752 sic
1487 4685 1495 4698 '

464 4776 622 4870 sentiant,
646 4778 764 4841 sedne
786 4774 876 4841 hunc
896 4796 1034 4842 nervum
1059 4796 1144 4841 suae
1164 4775 1333 4860 potentiae
1356 4776 1448 4839 anrit-

463 4872 547 4929 tant.

1586 4685 1632 4751 Ut
1653 4700 1764 4752 autem
1786 4684 1870 4751 alias
1892 4705 1996 4770 saepe
2018 4688 2097 4766 dixi,
2118 4708 2327 4774 nequaquam
2350 4686 2498 4754 abolen·
2579 4692 2584 4700 '

1501 4775 1545 4839 da
1567 4785 1620 4838 est
1641 4773 1770 4856 privata
1793 4771 1975 4849 absolutio,
1998 4777 2074 4859 quia
2096 4774 2403 4841 manifestissimum
2427 4775 2498 4858 es't,

1502 4859 1756 4945 promissionem
1775 4857 1949 4945 Evangelii
1973 4873 2005 4923 et
2028 4858 2139 4924 multis
2163 4871 2195 4923 et
2217 4859 2362 4946 singulis
2385 4861 2498 4948 appli-

1501 4947 1569 5011 cari
1591 4965 1706 5031 posse,
1737 4960 1770 5009 et
1803 4946 1849 5008 de
1878 4942 2020 5029 singulis
2043 4944 2217 5010 oratrifeste
2238 4943 2389 5032 loquitur
2410 4971 2497 5013 con·

551 5032 728 5100 Caeterum
750 5035 859 5099 sentio
911 5031 1078 5100 eneralem
1102 5030 1350 5099 confessionem
1373 5034 1449 5098 reti·
1501 5034 1554 5097 cio
1578 5036 1610 5096 in
1634 5032 1742 5114 capite
1766 5029 1818 5096 18.
1841 5029 2016 5095 Matthaei:
2040 5030 2179 5104 Quoties
2201 5033 2393 5099 remittam?
2414 5054 2499 5120 sep-

462 5122 604 5187 nendam
627 5139 718 5199 esse,
740 5140 813 5186 cum
841 5134 963 5206 petitur
984 5116 1168 5199 absolutio,
1201 5121 1287 5183 sicut
1308 5120 1393 5184 enim
1414 5121 1448 5183 in
1502 5121 1633 5205 magias
1653 5118 1788 5201 septies.
1856 5115 1919 5189 Qut
1942 5116 2037 5181 locus
2060 5138 2139 5183 rere
2162 5129 2194 5182 et
2216 5133 2307 5184 recte
2330 5120 2382 5184 de
2397 5121 2498 5185 mini·

461 5206 624 5273 Nehemia
657 5207 815 5292 scriptum
850 5217 919 5286 ast,
942 5206 1186 5278 confitebantur
1208 5219 1349 5290 peccata
1370 5226 1448 5270 sua:
1501 5208 1605 5269 sterio
1626 5202 1846 5269 absolutionis
1869 5201 2072 5288 intelligitur,
2095 5217 2127 5268 et
2149 5205 2292 5270 dictum:
2338 5203 2498 5279 Quorum

461 5293 508 5358 ita
530 5294 625 5360 decet
647 5291 791 5379 aliquam
814 5312 931 5359 vocem
954 5313 1033 5358 esse
1053 5313 1132 5358 rere
1151 5291 1349 5370 dolentium,
1383 5313 1449 5377 qua
1500 5291 1693 5355 remiseritis
1726 5301 1866 5374 peccata
1900 5292 2105 5355 remittentur
2137 5291 2198 5368 eis,
2212 5317 2218 5328 ··
2232 5292 2275 5356 de
2308 5290 2426 5358 multis
2463 5305 2499 5359 et

462 5374 631 5445 fateantur
651 5401 691 5446 se
714 5400 805 5459 reos,
828 5394 862 5445 ct
884 5399 923 5445 se
943 5378 1019 5445 Deo
1042 5379 1229 5456 subiiciunt,
1261 5388 1296 5443 et
1327 5380 1358 5443 ei
1381 5376 1449 5442 lau·
1502 5376 1644 5465 singulis
1667 5387 1757 5441 recte
1780 5372 1919 5464 intelligi
1942 5388 2067 5441 certum
2085 5387 2148 5440 est.

463 5466 540 5533 dem
562 5467 706 5532 iustitiae
728 5469 887 5548 tribuant,
920 5466 1008 5555 quod
1031 5467 1119 5532 iuste
1140 5467 1448 5548 damnet·peccata‚

461 5563 498 5620 et
518 5552 608 5618 iuste
628 5573 694 5618 nos
711 5555 837 5642 puniat,
868 5574 911 5652 ac
942 5571 1062 5619 rursus
1096 5552 1241 5617 tribuant
1263 5551 1295 5615 ei
1316 5505 1477 5617 laudeml
1590 5547 1721 5614 Deinde
1753 5558 1785 5614 et
1819 5544 2004 5634 exemplum
2033 5549 2286 5628 consideretur,
2325 5543 2388 5615 hie
2417 5571 2500 5644 mas
