5892 6709
468 654 534 722 aas
724 619 746 734 J
1073 653 1187 721 earu.
1209 650 1312 720 uren.
1335 652 1525 723 scurrus
1546 653 1827 722 occursura„
2137 631 2142 639 '
2418 657 2485 724 rso

469 845 516 910 dit
544 844 801 924 invocationem,
834 856 868 910 et
899 842 984 909 alios
1009 844 1086 934 pios
1115 854 1236 909 motus.
1280 841 1450 909 Est'enim
1503 855 1621 911 sancto
1656 843 1872 910 confirmante
1906 844 2020 921 corda,
2053 864 2116 907 nec
2148 855 2258 910 tamen
2290 844 2417 913 bahent
2445 831 2486 914 se

468 928 623 1010 Ecclesia
646 954 784 1019 reguum
803 929 938 1009 Christi,
961 951 1028 996 non
1050 942 1173 996 tantum
1196 930 1274 1014 quia
1296 929 1449 996 Christus
1489 930 1600 996 vlllens
1623 943 1657 996 et
1678 928 1846 995 Voluntas
1872 942 1909 994 ut
1937 944 2059 995 statua.
2104 931 2182 995 ldeo
2213 934 2366 998 dixerunt
2393 951 2487 999 vete·

469 1031 523 1084 est
547 1020 692 1098 uictima,
725 1018 787 1082 scd
817 1019 914 1082 etiam
944 1018 1021 1102 quia
1043 1018 1130 1079 omni
1154 1028 1301 1101 tempore
1324 1015 1451 1102 colligit
1502 1038 1569 1096 res,
1594 1017 1821 1082 l‘raeeedeute
1843 1018 1959 1101 gratia,
1990 1017 2168 1082 comitante
2190 1018 2371 1096 voluntate,
2396 1024 2488 1086 hona

468 1102 669 1183 Ecclesiam,
689 1118 723 1169 et
744 1105 930 1176 immediate
952 1115 1005 1179 est
1027 1100 1149 1168 efficax
1172 1122 1247 1168 curu
1268 1106 1372 1168 verbo
1391 1124 1450 1169 vo·
1502 1124 1606 1187 opera
1635 1103 1716 1168 ficri.
1759 1103 1803 1167 th
1830 1102 1975 1167 Basilius
2003 1103 2128 1189 inquit:
2154 1105 2248 1188 μόνον
2275 1111 2407 1185 θέλησον
2434 1112 2488 1172 net

469 1188 547 1269 cali,
574 1195 660 1257 sicut
681 1190 800 1275 inquitz
832 1188 907 1275 Ego
931 1208 1011 1282 ⁸sum
1043 1190 1134 1267 vitis,
1167 1209 1230 1253 vos
1264 1191 1345 1254 estis
1378 1187 1450 1274 pul·
1501 1189 1576 1266 deig
1607 1190 1794 1282 προαπαπᾷ.
1850 1188 1991 1254 Tantum
2023 1188 2120 1269 velis,
2154 1203 2188 1256 et
2219 1191 2313 1256 Deus
2345 1214 2488 1280 praeoc-

468 1279 583 1342 mites:
619 1279 695 1343 Siue
729 1297 782 1339 me
815 1273 897 1339 nibil
928 1276 1070 1357 potestis
1102 1273 1216 1340 facere
1244 1288 1309 1341 etc.
1355 1275 1449 1341 llaec
1504 1289 1626 1341 curret.

456 1355 652 1429 'declaratio
674 1360 764 1427 utilis
786 1373 850 1438 est,
874 1373 909 1425 ut
931 1362 1130 1445 cogitemus,
1154 1383 1221 1448 quo
1244 1362 1361 1427 ordine
1382 1363 1449 1426 sint
2093 1427 2097 1432 .

468 1448 565 1516 simul
587 1469 754 1534 personae
776 1450 810 1512 in
832 1450 1019 1514 conversis.
1588 1437 1894 1512 Deus‘antevertit
1925 1464 2028 1528 nos,
2045 1457 2079 1511 et
2092 1458 2232 1542 frocci,
2276 1450 2366 1513 edita
2398 1469 2488 1518 voco

1502 1529 1690 1618 Evangelii,
1712 1535 1811 1597 docet
1823 1545 1857 1597 et
1868 1529 1968 1596 trahit
1989 1544 2130 1598 urentem
2154 1554 2214 1617 per
2235 1532 2371 1599 Filium:
2396 1536 2487 1602 Con·

553 1620 760 1706 Agnoscitur
781 1619 883 1684 Pater
909 1639 971 1704 per
991 1616 1120 1698 Filium,
1152 1620 1209 1705 qui
1243 1630 1276 1685 et
1296 1618 1450 1704 Evange·
1503 1619 1688 1688 firmatcor
1710 1619 1836 1704 Spiritu
1858 1632 1991 1696 sancto,
2024 1619 2083 1683 sed
2119 1641 2182 1708 noa
2216 1621 2409 1701 viderimus,
2443 1643 2488 1689 ne

454 1706 547 1774 -lium
569 1705 706 1791 protulit
726 1727 768 1771 ex
790 1707 865 1770 sinu
886 1707 1013 1772 aeterni
1025 1707 1147 1784 Patris,
1170 1718 1204 1770 et
1226 1705 1260 1770 in
1283 1708 1450 1771 mentibus
1476 1737 1479 1742 ·
1502 1725 1739 1792 repugnemus.
1795 1702 1934 1769 Constat
1960 1707 2046 1770 enim
2075 1707 2152 1769 oriri
2180 1720 2353 1790 peceatum
2382 1728 2487 1772 ano·
2554 1705 2557 1710 ’

467 1795 621 1860 accendit
642 1794 803 1870 notitiam,
824 1792 1057 1877 sicuflinquit:
1079 1792 1185 1856 Nemo
1206 1792 1299 1858 novit
1317 1792 1449 1856 Patrem
1502 1793 1567 1870 bis,
1596 1813 1662 1855 nun
1692 1812 1712 1856 a
1742 1788 1915 1857 voluntate
1942 1789 2018 1856 Dei.
2068 1790 2330 1877 Chrysostomus
2363 1794 2487 1879 inquit:

467 1882 533 1943 nisi
555 1876 670 1958 Filius,
699 1889 733 1943 ei
759 1878 814 1943 cui
835 1877 928 1943 volet
948 1871 1053 1943 Filius
1082 1876 1265 1960 revelaret
1285 1890 1318 1945 el
1350 1876 1450 1944 simul
1504 1876 1616 1952 ὅθιίς
1647 1885 1702 1958 μὲν
1728 1877 1818 1957 ἕλκει,
1851 1875 1902 1940 τόν
1922 1878 2099 1962 βωλόμενιιν
2121 1878 2154 1942 δε
2176 1878 2263 1942 ἕλκει.
2321 1878 2364 1945 Et
2386 1880 2418 1942 ‘2-
2442 1881 2488 1946 ad

468 1966 553 2030 dans
572 1966 729 2050 Spiritum
752 1976 917 2044 sanctum,
937 1961 1131 2028 consolatur
1152 1965 1268 2030 corda.
1390 1969 1393 1978 ’
1466 1998 1469 2004 ·
1502 1962 1581 2029 Cor.
1604 1964 1636 2027 6.
1660 1966 1792 2028 dicitur.
1823 1963 1874 2027 Ne
1898 1960 2023 2029 frustra
2045 1967 2183 2050 gratiam
2207 1964 2272 2029 Dei
2295 1967 2487 2050 accipiatis=

728 2071 732 2078 ·
1357 2115 1359 2120 ,
1502 2049 1596 2128 ltem,
1628 2050 1768 2115 Habenti
1792 2052 1934 2114 dabitur.
1980 2050 2069 2128 item,
2098 2050 2232 2123 Quanto
2256 2053 2363 2138 magis
2387 2051 2488 2116 l'ater

554 2135 622 2201 lam
644 2137 810 2201 addantur
837 2133 934 2219 plura
958 2135 1159 2216 testimonia,
1193 2156 1281 2221 quae
1304 2132 1450 2228 refutant
1502 2153 1615 2202 vester
1648 2135 1806 2200 coelestis
1839 2136 1931 2200 dabit
1965 2137 2121 2220 Spiritum
2162 2150 2313 2202 sanctum
2348 2139 2487 2223 petenti·

467 2222 676 2309 Pelagianos.
719 2223 814 2296 Quae
836 2224 968 2308 quidem
991 2242 1057 2286 non
1079 2224 1126 2286 ita
1147 2223 1339 2305 accipienda
1360 2234 1450 2301 sunt,
1502 2224 1577 2288 bus.
1632 2222 1714 2286 Non·
1741 2224 1843 2308 igitur
1877 2223 2063 2307 cogitemus
2096 2222 2269 2306 propbcna
2302 2226 2483 2289 securitate

466 2325 504 2375 ut
536 2310 732 2374 confirment
764 2309 1046 2393 prophanitatem,
1086 2319 1145 2373 aut
1184 2309 1450 2392 desperationem
1502 2310 1728 2393 expectandos
1751 2328 1829 2372 esse
1852 2305 2016 2372 violentos
2039 2324 2179 2393 capatus„
2197 2311 2283 2372 sieut
2305 2307 2487 2396 loquuntur

466 2393 638 2474 adierant,
682 2396 743 2460 sed
783 2406 819 2459 ut
851 2397 995 2460 sciamus
1030 2394 1189 2458 immensa
1221 2396 1451 2460 misericordia
1501 2393 1756 2471 Enthusiastae,
1798 2394 1860 2456 scd
1900 2396 2095 2459 obediamus
2134 2393 2210 2459 Deo
2244 2394 2385 2460 trahenti
2419 2416 2485 2460 nos

467 2479 749 2547 ollerriauxilium
768 2469 1204 2566 omnibusconiugientibus
1223 2484 1265 2546 ad
1278 2478 1393 2544 Filium
1416 2481 1449 2544 in
1501 2502 1587 2546 voce
1608 2477 1793 2565 Evangelii,
1816 2485 1849 2544 et
1871 2479 1903 2543 iu
1929 2500 2009 2545 vero
2033 2479 2150 2546 dolore
2171 2482 2351 2559 discamus,
2373 2479 2484 2567 qualis

466 2571 556 2636 veris
580 2566 770 2633 doloribus:
793 2568 887 2631 Sicut
909 2569 982 2650 ipse
999 2565 1164 2631 Dominus
1184 2568 1307 2652 inquit:
1330 2566 1450 2632 Venite
1502 2569 1546 2632 uit
1567 2565 1652 2632 baec
1674 2565 1761 2630 lucta
1786 2564 1978 2645 voluntatis,
2011 2567 2106 2639 Quae
2127 2571 2169 2636 si
2205 2566 2346 2632 baberet
2377 2588 2424 2632 se.
2450 2577 2487 2632 ut

467 2657 510 2721 ad
532 2675 585 2719 me
607 2673 722 2719 omnes
735 2654 800 2737 ,qui
822 2650 984 2717 laboratis
1006 2664 1039 2715 ct
1061 2654 1191 2716 onerati
1214 2654 1307 2730 estis,
1329 2662 1363 2717 et
1385 2674 1450 2739 ego
1502 2665 1625 2731 statua,
1646 2649 1773 2717 nullum
1796 2664 1889 2716 esset
1910 2665 2087 2717 certamen.
2121 2652 2214 2717 llaec
2229 2655 2283 2738 pie
2306 2655 2486 2739 cogitanda

466 2741 616 2806 reticium
651 2759 724 2803 vos.
780 2738 872 2816 ltem,
905 2736 1013 2801 Petite
1045 2749 1080 2800 et
1117 2740 1300 2822 accipietis.
1356 2736 1449 2817 ltem,
1502 2752 1591 2817 sunt,
1625 2753 1658 2802 et
1688 2740 1840 2803 addenda
1875 2752 1927 2803 est
1948 2737 2129 2818 lnvocatio,
2164 2741 2249 2803 sicut
2271 2741 2395 2804 dictum
2417 2752 2485 2805 esta

468 2826 602 2899 Quanto
621 2826 729 2910 magis
748 2823 848 2887 Pater
870 2835 983 2887 vester
1005 2819 1162 2888 coelestis
1185 2824 1275 2888 dabit
1292 2823 1450 2908 Spiritum
1503 2826 1606 2890 Petite
1630 2839 1664 2889 et
1686 2826 1866 2909 accipietis

468 2926 620 2978 sanctum
644 2909 859 2993 petentibus?
891 2929 957 2973 non
987 2910 1033 2974 ait
1055 2912 1360 2989 contemnentibus,
1393 2920 1451 2974 aut
1750 2975 1753 2986 ,

466 2998 670 3080 fingentibus
700 3017 738 3060 se
766 3007 1001 3078 expectaturos
1030 3015 1107 3058 esse
1137 2993 1301 3060 violentos
1323 3008 1450 3079 raptus,
1590 2996 1651 3062 llis
1674 2997 1895 3062 consideratis
1917 2992 2113 3060 dulcescent
2133 2993 2236 3061 multa
2259 2996 2358 3074 dicta,
2388 2994 2487 3081 quala

353 3109 358 3118 ·
406 3108 409 3115 ·
465 3068 924 3166 utldntltusiastaelingunt.
954 3081 1022 3146 Sed
1045 3078 1116 3145 vult
1138 3080 1233 3147 Deus
1255 3102 1318 3145 nos
1335 3082 1450 3145 audire
1501 3082 1569 3147 boc
1590 3095 1654 3161 est,
1688 3081 1781 3148 Deus
1811 3085 1865 3168 qui
1889 3078 1993 3147 efficit
2014 3094 2051 3146 ut
2073 3080 2196 3161 volitis,
2231 3082 2353 3146 efficiet
2388 3085 2486 3147 etiam

466 3191 585 3235 vocem
608 3167 794 3248 Evangelii,
829 3188 895 3231 non
928 3166 1001 3232 vult
1034 3187 1105 3231 uos·
1127 3168 1300 3252 indulgere
1323 3167 1451 3231 dubita·
1502 3182 1538 3234 ut
1558 3170 1752 3254 perficiatis,
1781 3181 1817 3233 ut
1846 3169 1909 3252 ipsi
1920 3180 2029 3253 grata
2063 3166 2153 3232 liant.
2195 3166 2391 3233 Com-olatio
2422 3181 2486 3246 est,

465 3258 626 3333 tionibus,
649 3266 681 3318 et
704 3240 916 3335 diffidentiae,
945 3251 1016 3318 vult
1038 3272 1101 3316 nos
1124 3251 1256 3332 luctari,
1277 3267 1314 3318 nt
1335 3274 1451 3320 asson·
1503 3277 1569 3340 qua
1592 3276 1652 3320 eos
1675 3253 1862 3333 confirmat,
1885 3257 1938 3341 qui
1964 3276 2028 3318 non
2052 3270 2127 3317 sunt
2152 3255 2285 3319 onrrrino
2311 3253 2485 3339 prophani,
2535 3319 2539 3325 ,

464 3345 586 3408 tiantur
608 3344 725 3417 verbo,
758 3352 792 3403 ct
820 3355 935 3424 petere
964 3337 1133 3418 auxilium,
1166 3341 1259 3404 Sicut
1284 3340 1451 3423 Propheta
1501 3343 1563 3405 sed
1586 3340 1761 3406 trahuntur
1783 3355 1816 3404 et
1837 3340 2032 3426 confugiunt
2061 3342 2102 3403 ad
2126 3340 2266 3412 DEUdl,
2295 3353 2487 3426 agnoscunt

467 3425 605 3493 clamat:
639 3426 805 3490 Converte
834 3421 943 3489 meet
967 3437 1157 3491 convertar.
1202 3427 1244 3491 Et
1267 3425 1323 3490 ille
1345 3427 1451 3510 inquit
1501 3441 1610 3493 autem
1640 3425 1753 3511 aliquo
1782 3428 1895 3505 modo,
1928 3440 1962 3491 et
1989 3428 2153 3527 propriam
2184 3426 2416 3504 infirmitatem,
2452 3438 2485 3490 et

466 3516 555 3598 apud
579 3512 745 3577 lllarcum:
780 3510 890 3576 Credo
914 3511 1068 3590 Domine,
1101 3513 1162 3576 sed
1192 3534 1289 3597 opem
1320 3511 1371 3576 l'er
1392 3513 1451 3576 irn-
1501 3516 1647 3598 ingentia
1669 3514 1912 3596 impedimenta,
1936 3534 2022 3598 quae
2046 3514 2128 3576 loris
2145 3514 2320 3591 accedunt,
2343 3513 2486 3597 hispro·

465 3597 639 3664 bacillitati
661 3619 765 3663 meae.
810 3599 861 3661 Ac
884 3618 1092 3683 nequaquam
1116 3598 1290 3683 fingendae
1317 3599 1450 3662 suntin
1502 3595 1600 3666 mittit
1620 3599 1717 3664 Deus
1738 3621 1832 3664 suam
1855 3600 2078 3683 praesentiam
2100 3611 2133 3663 et
2155 3597 2323 3663 auxilium.

465 3683 541 3749 Deo
566 3685 1087 3764 marradictodac,voluntatem
1122 3685 1207 3747 Nam
1241 3688 1317 3749 ideo
1347 3683 1450 3749 Filius
1648 3689 1652 3697 '
1768 3728 1771 3736 ·
2032 3711 2036 3720 ’

464 3769 531 3835 Dei
554 3793 595 3835 ox
618 3772 693 3834 sinu
717 3771 844 3835 aeterni
867 3770 976 3834 Patris
999 3768 1218 3854 Evangelium
1241 3770 1392 3854 protulit,
1414 3782 1451 3835 ut
1554 3806 1556 3809 ·
1589 3770 1641 3836 Ac
1664 3769 1840 3856 diligenter
1862 3770 2108 3836 consideranda
2136 3782 2188 3837 est
2210 3770 2403 3858 magnitudo
2425 3770 2496 3848 bu·⁴

464 3860 611 3923 sciamus
641 3857 728 3922 hanc
760 3857 866 3938 ipsam
900 3876 977 3920 csse
1010 3853 1213 3921 voluntatem
1244 3856 1329 3935 Dei,
1364 3877 1450 3942 quae
1503 3878 1621 3922 manae
1642 3859 1805 3921 miseriae.

463 3964 526 4028 per
548 3942 669 4008 Filium
693 3945 863 4026 patefacta
884 3954 945 4006 est
1660 4015 1665 4022 ‚

850 4085 854 4101 ,
1341 4078 1350 4092 .
1589 4029 1733 4093 Ριίιιιιιιιι
1754 4029 1788 4093 in
1811 4029 1909 4093 nobis
1930 4029 2013 4112 ipsis
2035 4050 2157 4114 magna
2181 4026 2290 4105 caligo
2313 4040 2375 4105 est,
2398 4050 2484 4116 quac

551 4113 612 4178 Est
631 4127 740 4180 autem
757 4126 898 4198 utraque
914 4115 1118 4198 praedicatio
1135 4112 1348 4191 universalis,
1370 4133 1449 4177 con·
1501 4127 1554 4179 est
1581 4137 1685 4179 causa
1716 4113 1893 4180 multorum
1927 4135 2076 4179 errorum
2110 4118 2141 4179 in
2176 4114 2484 4195 deliberationibus,

366 4253 369 4262 .
466 4204 518 4282 pio
542 4203 767 4284 poenitentiae
796 4220 942 4285 arguens
975 4213 1118 4285 peccata
1151 4201 1184 4263 in
1219 4202 1382 4278 onntbus,
1416 4213 1450 4263 et
1502 4201 2088 4279 etiamsanctorurr·,cthabentium
2112 4203 2357 4286 magandans·
2396 4202 2485 4266 Sunt

464 4288 643 4372 promissio
678 4288 824 4373 gratiae,
860 4289 944 4349 sicut
978 4287 1082 4370 inquit
1115 4285 1295 4349 llomiuus:
1328 4285 1449 4349 l'enite
1501 4299 1534 4350 ct
1567 4290 1598 4350 io
1618 4286 1789 4354 voluntate
1812 4301 1846 4352 et
1878 4290 1909 4351 in
1941 4289 2042 4351 corde
2071 4290 2268 4352 aversiones
2289 4310 2311 4352 a
2332 4288 2421 4368 Deo,
2450 4299 2484 4353 et

464 4374 508 4437 ad
531 4394 583 4436 me
601 4394 717 4438 omnes
739 4375 794 4458 qui
817 4370 976 4437 laboratis
999 4386 1033 4435 et
1050 4373 1176 4435 onerati
1200 4373 1293 4434 estis.
1500 4370 1602 4437 multa
1625 4376 1776 4438 incendia
1799 4369 1993 4439 vitiosorum
2014 4373 2203 4440 affectuum.

550 4544 624 4609 Non
647 4547 748 4631 igitur
770 4564 968 4631 quaeramus
991 4542 1118 4608 alienas
1141 4544 1383 4628 disputationes
1406 4545 1448 4607 de
1587 4543 1744 4611 Secundo
1767 4543 1849 4609 soris
1878 4546 2041 4609 accedunt
2070 4543 2267 4608 Diabolicac
2285 4547 2426 4610 insidiae
2449 4558 2481 4609 et

465 4628 641 4709 electione,
664 4634 723 4696 sed
747 4654 768 4695 a
790 4652 874 4696 voce
893 4628 1066 4712 Evangelii
1091 4632 1270 4708 ordiamur,
1294 4641 1326 4693 et
1349 4651 1448 4713 cxpa·
1499 4628 1727 4716 impulsiones,
1750 4635 1833 4696 siout
1851 4630 2015 4696 Dominus
2038 4633 2159 4717 inquit:
2190 4632 2398 4716 Depoposcit
2421 4653 2480 4697 vos

463 4737 640 4782 vescamus
673 4720 841 4803 agnitione
874 4719 944 4781 irae
967 4717 1031 4780 Dei
1063 4718 1228 4781 adversus
1262 4729 1448 4799 peccatum,
1501 4718 1615 4796 Satan,
1637 4731 1674 4783 ut
1697 4718 1841 4783 cribaret
1863 4738 1937 4782 vos.

464 4816 497 4867 et
520 4802 752 4889 corilugiamus
778 4807 820 4868 ad
843 4802 972 4882 Filium,
1006 4816 1040 4869 et
1072 4816 1223 4887 petamus
1256 4802 1342 4866 sicut
1365 4800 1447 4865 Pro·
1625 4816 1631 4824 ’

463 4888 564 4973 pheta
588 4891 710 4975 inquit:
734 4889 901 4957 Converte
924 4914 975 4955 me
999 4902 1030 4964 ct
1054 4902 1243 4955 comedar.
1278 4888 1349 4952 lloc
1372 4909 1447 4952 cum
1585 4888 1697 4954 'lertio
1711 4890 1946 4974 impedimenta
1965 4891 2125 4953 honarum
2145 4892 2311 4954 actionum
2334 4891 2481 4954 innume·

355 4981 358 4986 ’
462 4979 511 5054 tir,
535 4990 739 5041 concurrunt
759 4977 824 5042 hae
846 4999 981 5057 causae,
1012 4998 1077 5041 vox
1100 4974 1285 5061 Evangelii,
1318 4976 1447 5058 etipse
1498 4973 1616 5041 rabilia
1651 4976 1833 5040 offeruntur
1856 4998 1876 5039 a
1899 4975 1993 5040 nralis
2028 4974 2225 5050 horninibus
2260 4989 2295 5040 ut
2318 4975 2480 5041 Davidem

461 5061 566 5127 Filius
588 5061 652 5127 Dei
687 5063 775 5125 intus
809 5087 871 5128 nos
905 5067 1042 5143 dooenS,
1077 5074 1110 5126 et
1142 5059 1241 5127 simul
1274 5061 1446 5125 elluudens
1498 5060 1689 5127 militantem
1711 5066 1751 5125 im
1776 5064 1842 5127 edit
1865 5060 1957 5127 Saul.
2002 5062 2144 5149 Tyranni
2169 5065 2348 5147 impediunt
2371 5085 2480 5128 emen·

462 5151 616 5233 Spiritum
640 5163 812 5226 sanctum,
842 5155 897 5234 qui
920 5172 980 5216 cor
1002 5149 1189 5227 confirmat,
1219 5160 1256 5213 ut
1289 5150 1445 5212 assensio
1468 5137 1475 5224 Ι
1498 5150 1664 5213 dationem
1688 5085 1871 5228 Ecclesiae,
1893 5147 2100 5236 languebunt
2121 5152 2221 5215 animi
2244 5151 2330 5215 odiis
2362 5152 2479 5216 adver·

462 5250 496 5301 et
529 5235 716 5301 obedientia
751 5234 958 5301 inchoentur.
1010 5236 1188 5302 Concurrit
1221 5247 1253 5298 et
1287 5231 1445 5300 voluntas
1498 5238 1651 5321 santium,
1675 5234 1847 5301 calumniis
1868 5248 1903 5301 ot
1925 5239 2074 5303 saevitia.

462 5336 580 5388 nostra
613 5320 760 5400 luctans,
793 5335 830 5388 ut
850 5326 1053 5388 assentiatur
1075 5325 1179 5388 verbo
1202 5319 1278 5398 Dei,
1312 5334 1345 5386 et
1379 5342 1444 5386 non
1769 5358 1771 5362 ν

461 5423 635 5494 repugnet.
680 5411 805 5476 Posset
825 5410 911 5474 enim
945 5425 1115 5485 excutere,
1150 5421 1187 5473 ut
1219 5409 1341 5472 excutit
1364 5405 1446 5472 Saul
1585 5408 1726 5486 (launo,
1756 5409 1841 5475 Sunt
1865 5421 1897 5474 et
1918 5409 2069 5474 locorum
2093 5419 2126 5471 et
2148 5420 2332 5493 temporum
2354 5409 2480 5473 incom-

463 5513 525 5558 sua
546 5509 679 5579 sponte.
725 5497 760 5561 ln
783 5495 849 5562 hoc
873 5498 1051 5561 certamine
1073 5495 1271 5560 adiuvantur
1292 5494 1391 5559 diens
1414 5505 1448 5558 et
1498 5494 1607 5559 moda.
1653 5495 1758 5560 losias
1781 5498 1892 5562 bonus
1916 5496 1986 5561 llex
2010 5495 2123 5558 incidit
2149 5496 2182 5559 in
2214 5508 2344 5581 tompus
2374 5493 2479 5559 inleli·

462 5578 630 5648 Voluntas
662 5605 685 5650 a
716 5581 800 5650 Filio
832 5582 899 5650 Dei
931 5583 1021 5649 intus
1054 5582 1221 5661 docente,
1254 5593 1289 5647 et
1321 5521 1475 5666 Spiritul
1499 5582 1583 5646 cius.
1633 5581 1749 5650 Multis
1781 5595 1906 5649 nocent
1937 5579 2028 5648 mala
2059 5578 2210 5667 exempla
2241 5594 2275 5646 ct
2302 5581 2479 5661 scandala,
