5892 6709
468 669 513 735 ra
1098 662 1213 732 run.
1235 661 1339 758 nnn
1362 659 1551 728 sonrrrn
1572 654 1851 724 nocnnnoa.
2225 662 2229 668 ·
2435 654 2481 722 u

384 864 393 933 ᾖ
468 856 518 920 sis
539 856 583 919 ad
603 853 730 933 Deum,
760 854 836 939 quia
863 855 993 939 integre
1014 855 1231 919 restituuntur
1259 851 1290 912 in
1313 871 1448 935 posses-

469 943 598 1005 sionem
624 942 854 1024 promissionis
877 943 1021 1027 gratiae,
1055 949 1088 1004 et
1115 939 1327 1002 haereditatis
1361 940 1447 1001 vitae

468 1038 636 1093 aeternae.

556 1195 729 1262 Recitatur
750 1209 845 1262 vetus
875 1199 1010 1262 dictumr
1043 1197 1126 1261 Post
1151 1194 1359 1280 naufragium
1386 1193 1447 1257 hu·

469 1301 586 1348 manae
608 1296 748 1349 naturae
773 1286 856 1347 duas
883 1284 1014 1348 tabulas
1044 1282 1160 1348 salutis
1184 1281 1369 1346 homiuibus
1392 1282 1447 1342 da·

468 1379 523 1433 tas
564 1390 660 1447 esse,
706 1368 910 1454 Baptismum
948 1382 980 1433 et
1023 1372 1147 1433 amissa
1184 1369 1290 1452 prium
1335 1364 1449 1430 tabula

468 1453 718 1519 Paenitentiam.
769 1455 843 1521 lloc
873 1458 994 1520 dictum
1021 1466 1161 1539 apparet
1190 1455 1344 1516 traditum
1372 1468 1449 1514 esse

432 1556 437 1562 ·
469 1551 586 1605 contra
603 1540 829 1618 Noratianos,
852 1544 906 1628 qui
928 1542 1114 1626 negabant,
1136 1539 1167 1603 la
1193 1559 1251 1602 sos
1278 1547 1356 1623 post
1384 1537 1449 1600 Ba·

466 1627 619 1713 ptisnrum
645 1648 761 1690 rursus
785 1630 934 1690 converti
961 1647 1064 1710 posse
1092 1628 1155 1691 ad.
1191 1646 1276 1689 eum.
1321 1622 1364 1687 Et
1391 1642 1448 1687 ne·

469 1733 566 1799 cesse
590 1710 652 1776 fuit
673 1710 808 1800 refutari
831 1713 1055 1794 Noratianos,
1085 1716 1172 1778 sicut
1195 1731 1259 1774 vox
1288 1708 1361 1773 Filii
1383 1707 1447 1772 Dei

468 1795 738 1876 manifestissima
754 1799 909 1863 refutatio
929 1810 992 1876 est,
1017 1821 1091 1862 curu
1110 1799 1228 1882 inquit:
1248 1795 1447 1880 Septuagies

469 1886 594 1965 septies
618 1887 775 1946 remittes.
815 1887 880 1949 Sed
901 1898 1012 1949 tamen
1035 1887 1156 1948 dictum
1180 1893 1276 1946 vetus
1299 1902 1365 1945 non
1388 1882 1446 1944 ah·

469 1970 571 2032 surde
594 1968 809 2055 intelligatur,
831 1973 907 2055 quia
930 1991 996 2035 non
1019 1973 1068 2033 sic
1091 1971 1251 2033 amittitur
1272 1968 1376 2050 prima
1398 1977 1447 2028 ta-

469 2052 566 2132 bula,
588 2066 625 2117 ut
648 2077 713 2118 non
737 2071 967 2139 recuperetur,
995 2058 1055 2120 sed
1079 2076 1196 2119 revera
1213 2055 1247 2118 in
1270 2065 1372 2116 totam
1394 2072 1446 2115 ar·

469 2162 541 2204 cam
570 2140 664 2228 Noae
692 2143 891 2225 recipiuntur
915 2144 1081 2220 conversi,
1104 2144 1137 2205 id
1160 2153 1229 2219 est,
1253 2141 1287 2202 in
1309 2157 1446 2222 posses·

467 2227 596 2376 gilonem
625 2228 785 2311 integram
816 2230 1073 2312 promissionum
1105 2226 1278 2291 Ecclesiae
1310 2234 1447 2307 propter

505 2314 721 2376 ediatoremu
1293 2317 1296 2324 ’

554 2481 617 2560 llic
644 2486 742 2547 etiam
776 2482 1092 2549 commonefaciendi
1124 2498 1201 2548 sunt
1226 2482 1378 2547 homines
1404 2482 1447 2545 de

468 2569 620 2631 omnibus
644 2568 812 2633 furoribus
833 2573 1141 2654 Anabaptistarum,
1165 2582 1198 2634 et
1223 2571 1366 2633 tenenda
1394 2588 1447 2631 re·

397 2671 404 2676 ·
468 2652 563 2739 gula:
583 2652 633 2716 Ex
656 2653 818 2718 fructibus
841 2658 987 2737 ipsorum
1010 2657 1203 2741 agnoscetis
1226 2676 1305 2732 eos,
1326 2655 1359 2717 id
1382 2666 1446 2728 est,

468 2760 510 2802 ex
532 2737 705 2803 manifeste
727 2739 822 2804 falsis
844 2742 1070 2828 dogmatibus,
1095 2753 1279 2824 quaesunt
1302 2742 1447 2803 testimo·

465 2825 522 2893 nia
555 2845 620 2888 nou
648 2824 790 2906 fallacia,
808 2828 895 2891 unde
918 2830 995 2890 sciri
1025 2838 1151 2910 potest,
1174 2846 1234 2904 ¹tros
1264 2824 1446 2912 fascinatos

467 2929 546 2974 esse
573 2934 594 2975 a
621 2911 778 2978 Diabolo.
822 2913 865 2976 Et
896 2915 962 2976 sint
994 2913 1025 2975 in
1060 2924 1243 2994 conspectu
1275 2911 1446 2996 praecipui

467 3014 583 3061 eorum
606 3018 751 3077 errores,
775 3019 859 3084 quos
884 3000 1030 3063 breviter
1051 3000 1211 3063 recitabo.
1247 3037 1250 3046 ·

540 3327 790 3412 ERRORES
822 3327 1364 3445 ANABAPTISTARUM.

552 3543 661 3608 Valde
683 3546 822 3628 prodest
845 3556 957 3609 extare
985 3566 1086 3609 veras
1107 3545 1265 3610 historias
1295 3545 1444 3609 certami-

465 3653 542 3702 num
562 3629 747 3709 Ecclesiae,
769 3643 804 3694 ut
827 3634 928 3696 rectis
950 3631 1078 3697 iudiciis
1097 3634 1241 3696 omnium
1263 3643 1445 3712 temporum

467 3717 711 3793 confirmemur,
734 3729 767 3781 et
791 3719 972 3794 videamus,
994 3715 1110 3802 quales
1133 3714 1265 3780 furores
1282 3719 1314 3781 in
1338 3716 1444 3798 impiis

466 3806 569 3867 sectis
603 3802 864 3889 significaverint
897 3823 954 3866 eas
989 3825 1009 3866 a
1041 3802 1185 3866 Diabolo
1225 3815 1317 3866 ortas
1356 3821 1443 3865 esse.

464 3889 538 3953 Etsi
560 3901 669 3953 autem
694 3910 758 3952 non
782 3901 834 3952 est
857 3910 924 3952 uua
947 3890 1159 3953 consentiens
1181 3888 1443 3972 Anabaptistica,

442 3978 524 4044 sed
548 3974 714 4059 multiplex
738 3986 770 4037 et
787 3988 976 4039 monstrosa
988 3975 1172 4053 Chimaera,
1191 3988 1224 4039 et
1246 3974 1302 4040 alii
1323 3976 1442 4060 inagis,

463 4061 517 4126 alii
541 4064 648 4126 minus
671 4074 773 4124 tetras
793 4062 965 4144 opiniones
990 4064 1129 4140 habent,
1162 4075 1269 4126 tamen
1298 4065 1442 4125 omnium

417 4148 424 4158 “
465 4169 656 4212 comumnes
686 4160 763 4209 sunt
786 4147 936 4225 furoreS,
959 4150 1035 4211 inde
1056 4168 1163 4233 usque
1185 4170 1206 4212 a
1228 4149 1442 4230 Carpocrate,

463 4233 647 4310 Marcione,
679 4233 872 4316 Pepusianis
902 4247 934 4297 et
961 4232 1179 4296 lilanichaeis.
1225 4235 1276 4296 Ac
1305 4235 1367 4296 nisi
1396 4233 1444 4296 hi·

464 4321 588 4384 sturiae
612 4322 756 4403 scriptae
779 4330 892 4384 essent
914 4341 934 4382 a
958 4319 1082 4383 lustino
1102 4318 1287 4396 Clemente,
1312 4331 1344 4383 et
1366 4316 1443 4399 Epi·

463 4403 597 4491 phauio,
621 4405 686 4469 fide
705 4406 920 4491 dignissimis,
942 4426 1039 4468 nemo
1054 4425 1139 4469 nuno
1155 4405 1317 4483 crederet,
1339 4403 1445 4469 fuisse

463 4489 550 4554 tales
579 4491 712 4556 furores
748 4494 867 4555 aetatis
921 4493 1067 4555 roximae
1101 4487 1292 4573 Apostolis,
1324 4491 1443 4576 quales

463 4589 580 4640 nostra
605 4590 698 4641 aetas
718 4579 799 4642 vidit
821 4579 853 4641 iu
878 4515 1132 4641 hlonasterieusi
1157 4578 1338 4662 tragoedia.
1374 4577 1442 4640 Sed

464 4665 628 4739 sciamus,
652 4665 804 4727 omnihus
827 4664 1030 4747 temporibus
1057 4661 1259 4727 horribiliter
1281 4662 1445 4727 Diabolus

463 4751 598 4812 turbare
616 4746 812 4827 Ecclesiam,
835 4761 867 4813 et
888 4751 1071 4813 muniamus
1094 4771 1158 4814 nos
1181 4751 1344 4814 adversus
1365 4749 1445 4812 Dia·

464 4832 617 4901 boloruru
639 4835 793 4911 iusidias,
823 4856 905 4900 vera
934 4837 1122 4921 cognitione
1154 4837 1343 4911 doctrinae,
1371 4855 1444 4919 pre-

464 4923 596 4984 catione
619 4933 651 4982 ot
673 4921 800 4983 iudiciis
823 4941 923 4986 verae
934 4919 1120 4998 Ecclesiae,
1144 4944 1229 5006 quae
1249 4921 1443 4986 manifestos

463 5004 598 5072 furores
621 5007 787 5070 hominum
804 5004 1024 5072 fanaticorum
1046 5004 1213 5073 refutavit.

452 5242 456 5249 Ι
551 5159 676 5224 Omnes
698 5157 850 5239 fanatici,
874 5160 1110 5247 Carpocrates,
1140 5162 1308 5240 Marcion,
1338 5161 1444 5244 Pepu-

463 5249 564 5325 siani,
597 5245 800 5323 Manichaei,
835 5249 1073 5312 damnaverunt
1098 5246 1268 5311 Politicurn
1298 5250 1445 5312 ordinem

462 5332 752 5409 vitaehumanae,
782 5331 1011 5417 Magistratus,
1040 5335 1179 5410 iudicia,
1215 5336 1444 5399 distinctiones

464 5422 691 5486 dourinioruru.
736 5418 777 5483 Et
807 5418 908 5504 aliqui
938 5422 1175 5485 damnaverunt
1201 5441 1341 5504 prorsus
1366 5442 1444 5483 con-

462 5507 564 5592 iugia.
608 5506 720 5593 Aliqui
758 5519 876 5571 contra
912 5507 1111 5587 docuerunt,
1147 5505 1278 5571 Uxores
1322 5508 1444 5571 dehere

464 5602 658 5661 communes
697 5613 792 5672 esse,
829 5605 867 5661 ut
906 5591 1138 5679 Carpocrates.
1193 5592 1236 5657 Et
1274 5589 1445 5658 horribilia

1501 845 1654 931 exempla
1673 849 1854 911 recitantur
1874 845 1908 908 in
1930 841 2087 907 historiis.
2128 840 2178 907 lta
2204 840 2398 909 deleverunt
2425 863 2480 909 ss·

1501 935 1642 999 cundem
1660 930 1804 998 tabulam
1826 928 2001 1016 Decalogi.

1585 1086 1683 1152 Ratio
1712 1098 1821 1151 autem
1852 1085 2000 1150 iudicare
2033 1094 2155 1166 potest,
2192 1102 2303 1168 nequa
2325 1105 2401 1149 ua·
2437 1104 2480 1152 ex

1500 1173 1574 1238 Deo
1601 1193 1697 1248 esse,
1727 1173 1887 1235 docentes
1916 1171 2084 1234 contraria
2110 1168 2272 1233 mandatis
2298 1104 2430 1236 becclo
2456 1172 2478 1252 ⁹,

1500 1280 1585 1344 quae
1608 1261 1706 1323 etiam
1727 1259 1845 1321 rationi
1873 1269 1952 1320 nota
1975 1267 2064 1320 sunt.
2109 1254 2191 1319 Cum
2219 1265 2329 1319 autem
2358 1257 2432 1321 simi
2447 1257 2479 1321 'a

1499 1341 1600 1408 rnulta
1633 1344 1805 1408 docuerint
1846 1353 1879 1405 et
1912 1343 2055 1407 doceant
2087 1339 2328 1430 Anahaptistae
2360 1354 2480 1425 nostra

1500 1440 1619 1507 aetate,
1636 1426 1844 1493 manifestum
1858 1439 1921 1504 est,
1935 1439 2060 1491 sectam
2074 1428 2220 1509 ipsorunr
2235 1446 2316 1489 esse
2330 1427 2479 1492 imorem

1499 1513 1718 1580 Diabolicum.
1763 1513 1879 1598 ltaque
1908 1524 2044 1597 propter
2071 1512 2157 1577 haec
2185 1510 2360 1578 manifesta
2381 1513 2478 1599 signa

1500 1600 1678 1666 execrandi
1707 1610 1740 1664 et
1761 1596 1907 1683 fugiendi
1930 1611 2026 1676 sunt,
2048 1600 2134 1661 sicut
2156 1599 2314 1682 scripturn
2342 1608 2412 1661 esta
2441 1596 2478 1663 Sl

1522 1688 1573 1750 uis
1596 1683 1686 1750 aliud
1704 1683 1921 1770 Evangelium
1944 1687 2053 1761 docet,
2076 1683 2263 1748 Anathema
2283 1684 2337 1748 sit.
2382 1683 2476 1748 ltemr

1498 1708 1536 1836 li
1558 1773 1631 1857 quis
1655 1769 1733 1836 dicit
1751 1768 1992 1853 blasphemiam
2009 1780 2124 1835 contra
2136 1770 2293 1853 Spiritum
2310 1781 2475 1848 sanctum,

1498 1878 1566 1922 non
1589 1858 1772 1922 remittetur
1794 1858 1837 1934 ei,
1861 1868 1925 1920 eto.

1582 2009 1814 2075 Refutationes
1844 2023 1952 2073 autem
1985 2009 2105 2072 horum
2134 2030 2284 2074 errorum
2310 2007 2426 2074 firmae
2446 2021 2477 2074 et

1497 2098 1694 2180 perspicuae
1713 2111 1811 2160 notae
1833 2098 1899 2160 sint
1921 2096 2088 2172 ornnihuS,
2112 2096 2306 2178 praesertim
2323 2107 2416 2161 recte
2430 2097 2477 2160 in·
2558 2164 2563 2168 ,

1498 2184 1601 2247 stituti
1624 2203 1725 2265 saepe
1748 2185 1790 2247 de
1812 2185 1861 2246 eis
1883 2182 2134 2245 admoneantur.

1584 2318 1725 2382 Errores
1758 2330 1875 2383 contra
1908 2318 2045 2402 primam
2072 2314 2219 2381 tabulam
2258 2329 2337 2382 sunt
2370 2320 2476 2402 magis

1498 2406 1585 2509 tetri,
1608 2408 1667 2469 sed
1691 2415 1768 2469 sunt
1789 2407 2018 2481 obscuriores,
2047 2414 2079 2466 et
2099 2423 2221 2489 magna
2244 2401 2399 2468 confusio
2426 2414 2478 2467 est

1499 2512 1699 2575 oprnronum.

1584 2642 1699 2728 Aliqui
1730 2640 1952 2725 blasphemias
1975 2640 2106 2705 Servati
2132 2651 2247 2705 contra
2269 2653 2348 2706 tres.
2361 2657 2478 2724 perso·

1499 2751 1560 2794 nas
1590 2730 1765 2793 divinitatis
1800 2726 2044 2792 circumferunt.
2089 2723 2184 2791 hlulti
2217 2745 2358 2809 prorsus
2396 2723 2478 2791 nihil

1499 2818 1611 2880 dicunt
1641 2818 1683 2878 de
1712 2815 1899 2876 discrimine
1926 2832 2162 2897 personarum,
2196 2814 2273 2897 quid
2297 2812 2340 2877 sit
2362 2810 2478 2892 Filius,

1500 2922 1560 2965 cur
1583 2902 1768 2964 nominetur
1788 2899 1873 2979 λόγος
1895 2910 1927 2963 et
1955 2900 2065 2984 imago
2090 2900 2216 2962 aeterni
2240 2898 2366 2977 Patris,
2400 2900 2478 2983 quid

1499 2989 1542 3050 sit
1564 2987 1707 3069 Sphitus
1731 2998 1879 3050 sanctus

1585 3141 1710 3203 Omnes
1733 3139 1973 3221 Anahaptistae
1995 3136 2137 3223 fingunt,
2161 3134 2288 3201 nullum
2305 3157 2384 3205 esse
2401 3158 2477 3223 pec·

1498 3227 1783 3376 pqqlqirpsOppgienis,
1806 3237 1839 3289 et
1861 3236 2039 3308 propterea
2054 3236 2191 3309 negant,
2207 3220 2355 3291 Infantes
2374 3224 2477 3310 bapti·

1583 3446 1706 3511 Postea
1729 3449 1770 3511 de
1792 3446 2026 3512 lustificatione
2048 3442 2102 3510 alii
2127 3443 2218 3511 velut
2237 3443 2395 3511 hlonachi
2415 3443 2477 3511 fin·

1497 3546 1589 3618 gunt,
1612 3554 1650 3598 se
1667 3536 1774 3597 iustos
1792 3553 1869 3596 esse
1891 3535 1960 3598 suis
1983 3533 2152 3616 operibus,
2170 3529 2477 3597 videlicet-externa

1497 3615 1686 3701 disciplina,
1726 3622 1900 3702 patientia,
1932 3621 2104 3694 torvitate,
2146 3619 2336 3683 desertione
2369 3616 2476 3684 civilis

1497 3707 1596 3781 vitae,
1621 3708 1871 3769 conturbatione
1895 3705 2116 3770 distinctionis
2140 3706 2356 3770 dominiorum
2380 3717 2413 3769 et
2434 3704 2477 3768 si·

1497 3791 1564 3854 mili
1583 3791 1745 3853 barbarie.

1582 3941 1646 4006 Alii
1670 3942 1906 4007 Enthusiastici
1929 3943 2068 4029 fingunt,
2092 3962 2130 4007 se
2151 3943 2260 4007 iustos
2283 3963 2360 4007 esse
2382 3942 2476 4008 afila-

1496 4031 1584 4094 tibus
1609 4031 1745 4107 divinis,
1781 4050 1866 4113 quos
1895 4041 2004 4093 tamen
2027 4050 2093 4091 non
2116 4027 2258 4107 hahent,
2279 4030 2339 4093 sed
2361 4028 2477 4115 imagi-

1496 4128 1627 4195 nantur,
1651 4115 1788 4179 afflatus
1812 4135 1888 4180 esse
1910 4137 1990 4179 suas
2013 4113 2278 4198 speculationes,
2300 4112 2354 4180 vel
2377 4116 2475 4178 simu·

1496 4200 1563 4265 lata
1581 4203 1732 4284 suspiria.
1777 4200 1818 4264 Et
1841 4202 2003 4265 interdum
2026 4201 2188 4265 accedunt
2205 4197 2338 4264 Diaboli
2359 4197 2476 4284 impul·

1497 4291 1621 4365 siones,
1634 4289 1751 4372 quihus
1765 4285 1854 4352 velut
1867 4289 1995 4351 attoniti
2007 4308 2067 4351 seu
2079 4295 2275 4371 τετυφωμένοι
2286 4287 2477 4370 stupebunt,

1497 4385 1529 4438 et
1547 4376 1646 4437 edunt
1663 4374 1836 4438 inusitatas
1855 4394 1970 4451 voces,
1993 4375 2079 4438 siout
2091 4372 2330 4457 Anabaptistae
2347 4375 2381 4436 in
2392 4374 2476 4438 urbe

1496 4460 1751 4523 hlonasteriensi
1773 4463 1804 4523 iu
1828 4461 1943 4523 mediis
1963 4458 2079 4542 plateis
2103 4462 2281 4538 cadentes,
2302 4456 2476 4524 vociferati

1497 4557 1584 4617 sunt,
1608 4565 1647 4609 se
1668 4548 1740 4631 rapi
1762 4548 1919 4609 mirandis
1942 4548 2100 4610 motibus.

1582 4700 1624 4764 lli
1656 4700 1893 4766 Enthusiastioi
1932 4685 1996 4762 seu
2026 4695 2159 4765 fanatici
2195 4700 2313 4764 deinde
2351 4697 2476 4762 addunt

1496 4786 1585 4851 hunc
1614 4788 1931 4869 perniciosissimum
1964 4806 2127 4851 errorem:
2161 4786 2337 4851 Affirmant
2368 4783 2475 4848 Deum

1497 4893 1562 4936 non
1597 4872 1771 4936 efficacem
1810 4893 1888 4936 esse
1924 4872 2128 4957 cogitatione
2159 4873 2252 4937 verbi
2287 4871 2414 4953 scripti,
2440 4878 2476 4935 ut

1496 4979 1636 5044 prorsus
1659 4960 1827 5023 abducant
1845 4956 1995 5023 homines
2019 4978 2039 5021 a
2062 4957 2167 5022 verbo
2188 4954 2253 5021 Dei
2276 4957 2412 5042 scripto.

1584 5111 1667 5177 Cum
1689 5125 1799 5176 autern
1817 5112 1967 5176 homines
1985 5111 2118 5175 abducti
2140 5121 2217 5176 sunt
2233 5131 2255 5174 a
2271 5112 2377 5175 verbo
2396 5110 2476 5176 serl-

1497 5207 1565 5281 pto,
1583 5200 1760 5280 praecipue
1783 5200 1845 5261 tria
1866 5199 2012 5284 iugentia
2035 5195 2122 5263 mala
2144 5207 2342 5285 sequuntur:

1504 5336 1547 5397 Ἰ.
1570 5335 1717 5399 Amissio
1742 5347 1855 5400 certae
1877 5336 2059 5415 doctrinae,
2080 5334 2183 5422 Legis
2205 5345 2239 5399 et
2260 5329 2474 5398 articulorum

1583 5420 1685 5485 Fidei.

1512 5506 1552 5570 ll.
1575 5508 1722 5572 Amissio
1748 5504 2000 5573 consolationis.

1495 5594 1549 5686 lli.
1572 5593 1737 5660 Extinctio
1760 5614 1860 5660 verae
1883 5594 1986 5672 Fidei,
2006 5610 2068 5658 seu
2089 5591 2321 5657 exercitiorum
2343 5585 2445 5654 Fidei.
