5892 6709
448 616 514 683 tot
1079 615 1194 683 PlllL.
1215 615 1321 683 MEL.
1343 616 1532 686 SCRIPTA
1553 617 1835 688 DOGliiATlCA.

448 806 606 911 Spiritum
629 814 781 910 sanctam
802 805 1000 891 petentibus.
1043 804 1136 886 item,
1170 804 1284 886 Orate,
1315 826 1359 872 ne
1379 767 1446 872 ira-⁸

448 904 543 959 tretis
564 914 599 957 ιιι
621 903 847 957 tentationem.

506 1061 683 1146 ⁸Pertinet
698 1063 747 1127 -ad
768 1061 1008 1148 promissiones
1030 1058 1155 1126 auxilii·
1175 1070 1209 1126 et
1240 1058 1326 1125 haec
1351 1080 1428 1127 sen·
1501 1041 1507 1048 ’
1652 1025 1655 1032 ’
1694 1063 1697 1068 ’
1809 1043 2145 1120 111.Qttat=:sr10.‘

447 1150 568 1216 tentia:
601 1148 697 1214 Deus
730 1160 785 1213 est
816 1149 871 1233 qui
899 1144 1001 1210 efficit
1022 1146 1055 1211 in
1073 1146 1172 1211 vobis
1194 1157 1227 1211 et
1247 1158 1285 1211 ut
1305 1144 1428 1224 velitis,

448 1248 483 1302 at
504 1249 541 1301 ut
560 1234 768 1337 perficiatis,
783 1244 821 1298 ut
847 1228 1042 1337 aitquatpsi
1065 1231 1275 1320 graetiam,
1308 1233 1340 1295 td
1364 1243 1428 1312 est,
1578 1236 1798 1342 Quomodo
1826 1240 1963 1353 placet
1992 1269 2101 1324 nova
2131 1241 2383 1326 obedientia·

447 1322 543 1387 Deus
577 1343 642 1387 non
679 1316 785 1383 ιιοΙιιιι
815 1337 926 1403 perire
958 1329 1063 1383 totum
1097 1337 1204 1404 genus
1239 1318 1426 1389 humanum,

446 1409 509 1473 sed
531 1408 620 1487 misit
640 1402 769 1486 Filium,
783 1418 828 1487 Ιιιι
849 1405 893 1468 sit
914 1401 1094 1469 Redemtor
1115 1414 1149 1467 et
1170 1400 1340 1481 Salvator,
1373 1404 1428 1466 de·
1862 1376 2080 1462 inchoata?

358 1526 361 1534 .
446 1495 494 1558 dit
515 1511 631 1557 vocem
649 1486 820 1576 Evangelii
843 1501 877 1554 et
892 1489 1050 1573 Spiritum
1073 1500 1238 1569 sanctum,
1260 1499 1297 1554 ut
1318 1487 1428 1553 trahat
2039 1549 2043 1555 ,

447 1590 482 1644 et
504 1588 677 1643 convertat
697 1576 861 1640 homines.
905 1574 1000 1641 llaec
1031 1579 1099 1641 ιιοιι
1127 1577 1203 1640 ideo
1232 1586 1359 1639 tantum
1380 1570 1428 1639 ia·
1564 1571 1794 1646 Diversissimi
1820 1575 1953 1661 gradus
1979 1586 2058 1641 sunt
2084 1576 2263 1642 hominum.
2307 1572 2376 1641 Alii
2407 1596 2465 1643 se·

433 1665 504 1743 'cit,
531 1675 568 1729 ut
594 1663 688 1728 initia
710 1661 940 1727 conversionis
962 1660 1063 1726 iiant:
1095 1660 1155 1725 sed
1177 1672 1214 1725 ut
1235 1658 1428 1745 perficiatur
1478 1658 1550 1721 ouri
1571 1661 1687 1724 vivunt
1707 1660 1740 1724 in
1764 1660 1948 1728 sceleribus
1971 1673 2089 1727 contra
2122 1663 2371 1741 conscientiam,
2405 1663 2466 1749 qui

444 1761 550 1815 totam
572 1748 771 1815 beneficium
791 1744 1000 1826 salvationis,
1020 1759 1058 1812 ut
1078 1744 1261 1811 aedificans
1278 1757 1427 1810 nontau-
1477 1740 1558 1807 nihil
1580 1757 1759 1831 anguntur,
1782 1768 1869 1813 ,cum
1900 1758 2008 1812 tamen
2041 1748 2180 1813 audiant
2200 1747 2284 1813 haec
2306 1744 2465 1828 fulminat

445 1846 515 1900 tum
537 1835 627 1900 initia
649 1831 793 1911 molitur,
815 1833 877 1897 sed
900 1832 1032 1898 domurn
1054 1830 1125 1898 vult
1140 1846 1295 1898 extruere
1311 1842 1426 1896 totam.
1478 1828 1704 1910 scortatores
1725 1831 1878 1912 adulteri,
1907 1830 2105 1913 homicidae,
2140 1855 2207 1899 non
2239 1835 2465 1919 possidebunt

379 1996 381 2001 ,
444 1921 505 1987 Sic
536 1930 787 2006 argumentatur
807 1914 932 1983 Paulus
959 1919 1107 2001 aprinci
1131 1918 1164 1983 io
1196 1919 1240 1982 ad
1273 1915 1427 1982 beneiicii
1478 1937 1616 2002 regnum
1635 1915 1709 1982 Dei.
1753 1918 1796 1986 lli
1817 1921 1940 2000 sciunt,
1963 1931 1997 1986 et
2024 1917 2122 1986 fateri
2141 1934 2306 2007 cogeretur
2327 1940 2367 1985 sa
2393 1921 2464 1985 dio-

444 2002 695 2093 perfectionem‚
718 2016 755 2069 ut
777 2000 1016 2070 consoleturet
1033 2024 1096 2068 con
1174 2014 1207 2068 et
1228 2022 1305 2081 nos,
1329 2023 1371 2066 ne
1393 2003 1427 2066 in
1477 1999 1604 2088 plicare
1625 2000 1714 2068 Deo.
2345 2021 2348 2025 “

443 2092 553 2158 medio
578 2112 679 2157 cursu
699 2087 796 2154 fructi
818 2089 1042 2194 magnitudine
1061 2109 1199 2154 onerum
1222 2087 1426 2166 deficiamus,

443 2190 481 2243 ut
503 2178 716 2263 cogitandum
738 2172 800 2240 iuit
821 2174 931 2253 Morsi,
954 2173 1088 2254 Davidi,
1117 2187 1150 2239 et
1173 2175 1327 2239 omnibus
1349 2192 1428 2237 san·
1563 2170 1686 2240 Atttit
1733 2176 1860 2241 ocritac
1880 2176 2030 2241 iactitant
2052 2196 2090 2241 se
2112 2171 2227 2241 iacere
2247 2174 2375 2261 Legem
2396 2174 2464 2242 Dei

443 2265 518 2329 ctis.
565 2261 658 2327 Deus
680 2263 792 2328 eduxit
813 2271 847 2325 te
869 2262 901 2325 in
924 2258 1011 2324 hanc
1040 2258 1161 2325 molem
1189 2255 1426 2344 periculorum.
1479 2270 1512 2322 et
1529 2255 1663 2344 placere
1710 2281 1750 2324 eo
1774 2275 1912 2346 propter
1934 2273 2106 2327 externam
2129 2260 2349 2345 disciplinam,
2371 2263 2463 2329 sicat

443 2345 561 2413 Voluit
581 2361 690 2413 autem
724 2368 790 2413 non
824 2356 951 2411 tantum
983 2346 1075 2411 initia
1108 2345 1191 2424 lieri,
1224 2346 1286 2410 sed
1323 2341 1426 2410 multo
1477 2341 1680 2418 Pharisaeus
1708 2347 1796 2431 apud
1817 2347 1953 2413 Lucam.
1998 2348 2056 2413 Sic
2077 2348 2235 2432 Papistae
2257 2349 2386 2428 dicunt,
2408 2367 2463 2412 re·

359 2451 363 2458 ·
443 2436 552 2521 magis
573 2434 702 2517 'pertici
735 2429 909 2497 beneficia.
964 2430 1068 2497 Addit
1101 2433 1216 2517 igitur,
1245 2441 1283 2495 ut
1312 2426 1426 2515 aliqua
1477 2443 1577 2495 natos
1610 2429 1808 2499 satisfacere
1838 2431 1923 2520 Legi
1955 2431 2037 2507 Dei,
2070 2446 2105 2500 et
2136 2453 2242 2518 posse
2275 2454 2354 2499 esse
2384 2435 2461 2499 siue

443 2520 507 2603 ipsi
539 2521 572 2582 in
607 2538 732 2604 genere
764 2519 908 2583 humano
942 2529 1037 2602 grata
1071 2514 1163 2595 fiant,
1192 2516 1292 2601 'quasi
1322 2517 1425 2580 dicat:
1476 2529 1628 2602 peccato.

443 2604 523 2669 ideo
547 2601 675 2689 colligit
704 2616 872 2668 aeternam
896 2600 1083 2667 Ecclesiam
1105 2601 1213 2677 Deus,
1246 2621 1289 2666 ne
1321 2612 1428 2666 totum
2463 2670 2466 2673 ,

444 2711 553 2776 genus
578 2687 755 2754 humanum
787 2698 913 2770 pereat,
944 2698 977 2751 et
1009 2689 1053 2752 sit
1086 2684 1194 2751 simile
1215 2683 1370 2751 Diabolis
1393 2688 1426 2751 in
1563 2685 1694 2753 Tertius
1712 2689 1837 2773 gradm
1856 2698 1910 2753 est
1928 2708 2042 2755 comm
2060 2691 2115 2774 qui
2138 2689 2294 2754 conversi
2316 2689 2462 2754 suntad

443 2787 517 2841 tota
538 2775 735 2839 aeternitate
758 2771 957 2837 contumelia
979 2773 1085 2857 ipsum
1107 2769 1342 2852 allicientibus,
1364 2772 1427 2838 sed
1476 2768 1597 2853 Deum,
1631 2786 1663 2838 et
1696 2771 1822 2839 habent
1854 2776 1945 2839 initia
1968 2775 2095 2841 timoris
2128 2787 2163 2839 et
2195 2775 2283 2852 ticet,
2317 2787 2349 2839 et
2383 2795 2461 2840 cum

444 2858 516 2926 vult
538 2880 617 2924 asse
639 2857 784 2943 aliquos,
814 2859 870 2943 qui
892 2860 922 2922 ei
946 2859 978 2921 in
1001 2857 1066 2923 hac
1088 2859 1158 2923 vita
1185 2870 1219 2923 et
1241 2868 1318 2940 post
1338 2856 1426 2922 hanc
1476 2860 1623 2923 sentiunt
1643 2857 1864 2925 infirmitatem
1891 2879 1999 2939 suam,
2031 2882 2129 2947 qaam
2149 2857 2270 2946 frigida
2299 2861 2343 2924 sit
2364 2861 2461 2925 invo-

442 2948 544 3011 vitam
567 2958 664 3032 grata
685 2946 820 3020 iaciant,
853 2945 908 3028 qui
941 2957 1035 3008 recte
1065 2946 1106 3008 de
1129 2948 1205 3028 ipso
1226 2943 1370 3008 sentiant
1392 2955 1425 3009 et
1455 2945 1577 3022 catio,
1605 2966 1703 3030 quam
1726 2944 1849 3010 multae
1871 2961 2022 3010 errantes
2046 2946 2199 3011 dammae
2229 2947 2459 3029 cupiditatum,

443 3034 599 3110 doceant,
621 3032 675 3115 qui
698 3033 854 3096 invocent
871 3051 958 3108 eum,
981 3042 1014 3093 et
1054 3032 1151 3095 uibus
1167 3031 1315 3095 vicissim
1334 3049 1424 3107 sese,
1476 3019 1599 3114 ouante
1621 3032 1820 3117 ignorantia,
1841 3054 1938 3117 quom
1962 3029 2064 3097 multa
2087 3043 2195 3097 errata
2218 3033 2460 3111 invocatione,

442 3138 535 3182 suain
563 3118 767 3202 patientiam,
800 3116 956 3180 iustitiam
990 3051 1202 3180 etlaetitiam
1224 3116 1256 3180 in
1279 3127 1349 3180 tota
1369 3134 1425 3181 aa·
1476 3131 1574 3199 quam
1597 3113 1719 3181 multae
1742 3118 2050 3200 praetermissiones
2076 3115 2191 3195 oilicii,
2214 3116 2313 3181 valde
2338 3139 2460 3182 excru-

385 3237 389 3244 ·
442 3208 598 3269 ternitata
621 3204 851 3281 eommunicet,
875 3212 912 3265 ut
932 3202 1000 3266 siut
1022 3203 1086 3285 ipsi
1108 3199 1309 3267 conformes.
1475 3202 1604 3268 cientur
1626 3214 1660 3267 et
1677 3202 1857 3285 disputant,
1878 3203 1933 3269 An
1956 3216 1989 3269 et
2011 3206 2179 3290 quomodo
2201 3201 2358 3289 placeant
2369 3204 2459 3269 Deo.

529 3375 582 3439 Sic
613 3375 656 3438 ad
690 3370 955 3439 consolationem
988 3374 1031 3437 de
1063 3370 1186 3437 auxilio
1218 3372 1340 3436 tradita
1372 3382 1425 3436 est
1560 3369 1623 3438 llic
1644 3369 1800 3458 Papistae
1822 3372 1935 3439 delent
1955 3384 2058 3439 totam
2088 3375 2271 3439 doctrinam
2305 3375 2347 3438 de
2380 3372 2459 3453 fide,

360 3537 362 3542 ,
440 3456 711 3523 haec-sementia
733 3456 839 3535 Pauli,
861 3479 925 3540 neo
947 3470 1000 3524 est
1021 3454 1212 3544 effingenda
1228 3457 1425 3523 Marricbaea
1475 3468 1508 3521 et
1530 3458 1653 3536 dicunt,
1675 3479 1808 3542 semper
1830 3461 2044 3525 dubitandum
2067 3481 2155 3525 esse.
2200 3460 2292 3524 llaec
2313 3461 2460 3525 humana

319 3623 328 3630 „
442 3542 757 3610 velEnthusiastica
779 3546 981 3629 imaginatio,
1005 3545 1133 3608 otiosos·
1155 3556 1189 3607 et
1211 3541 1423 3629 indulgentes
1474 3554 1508 3607 et
1529 3541 1672 3608 Ethnica
1694 3545 1882 3630 imaginatio
1911 3557 1963 3611 est
1996 3547 2149 3611 doctrina
2182 3558 2370 3614 contemtus
2392 3544 2459 3610 Det

442 3630 671 3714 voluptatibus
695 3641 872 3713 expectare
901 3630 1024 3692 debere
1052 3626 1219 3693 violentos
1241 3644 1356 3713 raptus
1378 3631 1422 3693 ad
1444 3631 1783 3730 praedamnationis.
1828 3631 1914 3694 Nam
1947 3632 2063 3696 vivens
2096 3632 2129 3696 in
2159 3629 2217 3696 tali
2240 3630 2458 3703 dubitatione,

442 3714 728 3781 bermiaciendum.
784 3714 852 3778 Ιιιιο
876 3713 977 3777 trahit
1010 3712 1123 3792 Deus,
1163 3716 1223 3778 sed
1256 3712 1423 3787 volentem
1473 3735 1516 3778 an
1541 3713 1616 3779 Deo
1638 3713 1780 3797 placeat,
1802 3717 1883 3780 vivit
1905 3717 1978 3781 sine
1999 3719 2229 3793 invocatione,
2260 3730 2293 3782 et
2322 3718 2459 3781 taudem

441 3800 553 3879 trabit,
583 3813 615 3864 et
643 3802 676 3864 in
704 3800 828 3863 renatis
858 3797 1033 3866 inchoatur
1066 3801 1228 3864 restitutio
1260 3797 1422 3866 libertatis
1474 3801 1669 3884 opprimitur
1690 3802 1951 3886 desperatione,
1969 3813 2002 3866 et
2034 3815 2161 3888 pugnat
2190 3805 2273 3870 haec
2295 3804 2459 3867 dubitatio

441 3889 475 3952 in
497 3884 682 3965 voluntate,
707 3886 817 3970 qui-in
840 3905 921 3950 vera
942 3886 1154 3951 invocatione
1176 3887 1307 3951 discunt
1327 3906 1423 3972 prae·
1474 3907 1549 3951 cum
1571 3885 1624 3950 his
1648 3887 1760 3950 dictis:
1786 3885 1850 3951 l’er
1868 3887 1958 3955 hunc
1982 3892 2144 3954 audemus
2167 3890 2329 3954 accedere
2358 3890 2392 3952 in
2420 3887 2459 3951 ii·

439 3975 584 4039 sentium
606 3972 670 4036 Dei
693 3967 875 4056 tripliciter.
1473 3972 1584 4049 dacia,
1618 3991 1679 4056 per
1710 3971 1824 4037 Fidem
1858 3974 1934 4038 lesu
1967 3973 2102 4040 Christi.
2152 3975 2244 4053 item,
2279 3975 2459 4047 Quomodo

1473 4058 1688 4135 invocabunt,
1709 4059 1773 4123 nisi
1797 4062 1944 4125 credent.

527 4142 652 4224 Primo,
674 4143 821 4206 sentiunt
832 4138 1096 4207 consolationem
1112 4143 1144 4206 in
1164 4144 1266 4208 corde
1287 4143 1320 4206 in
1343 4163 1422 4207 oon·

441 4231 609 4309 versione,
630 4241 666 4293 ut
689 4221 824 4292 diciturr
844 4219 1015 4293 tisttttcatt
1034 4230 1100 4291 lide
1116 4249 1231 4313 pacem
1249 4228 1422 4306 habemus,
1560 4226 1611 4292 Sit
1633 4229 1731 4313 igitur
1752 4230 1865 4294 brevis
1889 4241 1922 4295 et
1937 4230 2116 4315 perspicua
2139 4234 2325 4313 responsio.
2359 4229 2459 4296 Nova

442 4335 529 4401 quae
565 4335 647 4379 vere
685 4325 738 4378 cst
779 4315 998 4379 testimonium
1037 4315 1247 4397 praesentiae
1279 4315 1422 4461 ὃὲιίιὶιιιε
1475 4314 1660 4378 obedientia
1684 4335 1744 4378 seu
1768 4318 1854 4380 bona
1877 4338 1897 4381 o
1922 4339 1979 4381 ara
1997 4319 2028 4380 in
2052 4319 2224 4381 conversis
2248 4338 2309 4381 seu
2331 4320 2459 4381 renatis

441 4402 562 4478 soracti,
589 4403 681 4476 iuxta
710 4401 850 4465 dictum:
885 4399 977 4463 Acce
1002 4400 1074 4463 istis
1097 4400 1256 4483 Spiritum
1280 4420 1423 4467 camau-
1473 4397 1608 4483 plaeent
1631 4399 1711 4464 Fide
1734 4414 1871 4485 prepter
1893 4340 2122 4467 liestmonam.
2166 4402 2259 4468 llaec
2277 4404 2457 4487 responsio

440 4497 508 4551 tem
540 4485 638 4551 Abba
676 4499 782 4571 pater.
837 4485 937 4565 ltem,
1015 4505 1054 4549 os
1091 4486 1232 4551 novistis
1265 4486 1422 4571 Spiritum
1473 4483 1662 4551 declaretur
1682 4486 1735 4552 his
1759 4490 1863 4552 tribus
1885 4490 2052 4553 membris.

441 4583 604 4637 sanctum.
1925 4628 1929 4634 .

1185 4649 1195 4666 ⁸
1560 4655 1704 4721 Primum
1738 4667 1864 4721 statuat
1896 4677 2084 4725 conversus
2123 4679 2300 4743 personam
2333 4659 2459 4723 iustam

529 4741 698 4821 Secundo,
729 4743 875 4806 sentiunt
907 4752 939 4807 et
961 4738 1116 4807 auxilium
1139 4742 1172 4806 in
1194 4744 1270 4825 ipso
1292 4741 1422 4818 labore,
1474 4762 1564 4820 esse,
1593 4744 1712 4819 idest,
1745 4755 1917 4826 acceptam
1941 4743 2017 4808 Deo
2047 4758 2080 4809 et
2114 4743 2312 4831 placentem,
2348 4746 2455 4830 gratis

440 4838 479 4897 ιιι
500 4830 635 4894 dicitur:
659 4828 801 4914 Spiritus
822 4826 1001 4914 opitulatur
1021 4827 1263 4896 infirmitatibus
1285 4829 1422 4892 nostris.
1473 4840 1611 4913 propter
1633 4825 1861 4903 bletliatorem,
1895 4828 1968 4893 sola
1991 4831 2082 4911 Fide,
2115 4853 2182 4896 non
2211 4844 2349 4915 propter
2376 4851 2457 4914 pro·

1472 4915 1578 5000 priam
1600 4912 1702 5000 Legis
1725 4913 1966 4998 impletionem.'

527 5000 653 5078 Tertio,
676 5002 940 5086 cognoscentia
964 5012 1086 5066 eventu
1104 4997 1213 5065 Deuin
1236 4995 1341 5063 fluisse
1363 5019 1423 5085 gu·

439 5090 663 5163 bernatorem‚
685 5088 775 5152 iuxta
796 5087 881 5153 haec
902 5090 1005 5153 dictat
1027 5082 1317 5152 Coarniendalleo
1337 5060 1448 5150 ιιιιιιιΙ
1560 5083 1724 5168 Secundo,
1756 5098 1922 5171 agnoscat
1955 5097 1988 5151 et
2015 5086 2160 5153 fateatur
2182 5105 2381 5164 conversus,
2415 5107 2456 5154 se

441 5188 541 5254 tuam,
566 5188 598 5239 et
621 5194 721 5257 spera
743 5175 775 5237 iu
799 5195 890 5251 aum,
925 5176 1052 5258 etipse
1074 5173 1185 5240 iaciat.
1229 5173 1322 5250 lteut,
1355 5176 1421 5238 iste
1473 5190 1681 5255 nequaquam
1704 5169 1786 5255 Legi
1810 5168 1872 5235 Dei
1896 5170 2105 5251 satisfacere,
2128 5185 2160 5237 et
2182 5174 2291 5238 adhuc
2314 5175 2457 5237 circum·

438 5283 566 5347 pauper
589 5259 744 5325 clanravit
765 5260 807 5323 ad
832 5257 1019 5339 Dominum,
1041 5272 1075 5325 et
1095 5260 1257 5325 Dominus
1287 5258 1420 5323 exaudi·
1472 5253 1563 5319 ferre
1584 5258 1616 5319 iu
1640 5275 1717 5320 sese
1741 5272 1890 5340 peccata,
1914 5281 1963 5324 ma
1991 5282 2065 5326 uam
2089 5259 2275 5347 caliginem,
2297 5261 2456 5323 irroren-

440 5349 487 5411 vit
509 5368 594 5411 eram.
638 5346 731 5423 item,
755 5345 951 5410 invocatae
973 5350 1006 5410 in
1035 5348 1088 5413 dic
1121 5342 1354 5425 tribulationis,
1386 5356 1421 5409 et
1473 5344 1562 5417 tiam,
1595 5342 1842 5423 dubitationem,
1877 5367 1939 5411 nec
1969 5368 2001 5410 m
2031 5359 2139 5411 niente
2173 5345 2281 5411 lucem
2309 5311 2387 5409 {dei
2422 5356 2456 5408 et

326 5460 328 5464 ·
440 5433 576 5518 eripiam
599 5443 644 5514 te,
666 5446 700 5499 et
722 5432 928 5521 glorificabis
949 5449 1009 5499 ma.
1473 5427 1659 5493 firoiitatern
1682 5449 1759 5494 esse
1781 5441 1918 5511 matam,
1940 5446 2064 5516 quanta
2081 5453 2159 5497 esse
2182 5436 2315 5510 debeat,
2333 5449 2397 5494 nec
2419 5433 2454 5494 in

1476 5515 1577 5581 corde
1605 5516 1766 5598 timorem,
1799 5514 1908 5604 qualis
1934 5539 2012 5584 esse
2044 5520 2154 5599 debet,
2186 5539 2249 5585 uec
2281 5520 2454 5583 ardentem
