5892 6709
457 611 521 676 687
907 686 913 695 ¹
1089 608 1201 678 PRIL.
1225 607 1328 677 hlEL.
1351 609 1536 677 SCRIPTA
1560 609 1839 691 nonnanes.
2139 681 2144 686 ,
2376 694 2390 713 ἱ
2403 612 2475 681 688

457 799 611 876 nominis,
633 799 822 885 ubieunque
843 802 886 863 im
909 802 960 864 iae
982 797 1077 885 leges
1099 798 1293 864 Pontificum
1314 796 1435 865 Roma·
1487 810 1576 878 mot,
1610 798 1665 863 An
1686 800 1715 865 si
1738 800 1906 889 sacerdoti
1929 799 2074 866 coniunx
2096 809 2228 865 mortua
2248 794 2365 881 fuerit,
2388 820 2470 868 con·

456 906 575 951 norum
597 884 817 950 dominantur.
882 821 978 959 guae
1004 905 1078 950 cum
1101 884 1289 969 coniugium
1312 896 1436 950 vocant
1486 886 1662 962 cedamus,
1693 895 1730 951 nt
1762 892 1869 970 ducat·
1893 883 2013 951 aliam‘l
2055 884 2287 952 concedimus.
2336 886 2471 955 Nemini

458 970 704 1048 immunditiem,
725 971 970 1036 meminerimus
991 970 1076 1035 haec
1098 967 1262 1035 virulenta
1284 970 1435 1036 convicia
1487 972 1572 1037 enim
1595 972 1716 1037 idoneo
1738 967 1978 1056 prohibendum
2000 982 2053 1035 est
2069 972 2268 1057 coniugium,
2291 970 2471 1042 utPaulus

456 1077 478 1121 a
500 1052 645 1121 Diabolo
667 1056 757 1134 oriri,
780 1057 866 1120 sieut
886 1051 1011 1121 Paulus
1033 1056 1149 1161 inquit,
1173 1054 1434 1121 Prohibitionem
1456 1077 1465 1151 ι
1485 1059 1517 1123 in
1543 1057 1589 1121 uit
1610 1055 1813 1123 arlOorinth.
1836 1058 1880 1122 de
1900 1057 2025 1122 viduis:
2047 1056 2081 1120 Si
2098 1077 2165 1122 nou
2183 1058 2364 1137 continent,
2388 1080 2471 1126 con-

458 1142 602 1227 coningii
625 1160 703 1207 esse
724 1142 908 1207 doctrinam
936 1141 1196 1207 daemoniorum.
1241 1140 1313 1207 llos
1334 1143 1435 1228 igitur
1486 1078 1619 1208 trhhant
1640 1143 1806 1229 coniugia.
1849 1141 1893 1207 Et
1915 1143 2008 1209 alibi:
2042 1140 2131 1206 Volo
2159 1143 2304 1208 iuniores
2326 1146 2469 1211 nubere.

458 1226 615 1292 Oenones
633 1249 707 1292 cum
729 1228 874 1292 sommus
897 1227 1157 1292 essedoetrinas
1175 1227 1444 1306 daemoniorum„
1485 1226 1604 1293 Abhis
1626 1224 1752 1312 regulis
1774 1248 1842 1292 non
1854 1228 2091 1294 discedendum
2102 1240 2166 1294 est.
2199 1228 2271 1294 Nec
2294 1242 2391 1297 vetus
2402 1230 2469 1298 Ec·

458 1310 561 1377 deleri
583 1332 723 1397 prorsus
742 1315 898 1397 oportuit,
919 1312 1088 1399 prohiberi
1100 1333 1204 1400 vagas
1215 1310 1382 1391 libidines,
1400 1323 1434 1378 et
1486 1310 1591 1379 elesia
1605 1312 1738 1378 Graeca
1760 1312 1939 1398 prohibuit,
1963 1334 2029 1400 quo
2052 1316 2164 1399 minos
2182 1316 2356 1395 sacerdos,
2378 1338 2469 1382 mor·

457 1398 552 1484 reddi
562 1398 750 1484 coniugium
762 1399 1004 1480 sacerdotibus,
1016 1411 1051 1464 nt
1063 1410 1157 1463 caste
1168 1400 1280 1463 vivere
1291 1399 1434 1483 possint,
1485 1411 1542 1465 tue
1562 1419 1687 1476 uxore,
1723 1397 1820 1464 aliam
1851 1399 2005 1478 doceret,
2038 1401 2101 1465 sed
2129 1401 2302 1466 dueentem
2325 1404 2469 1469 removit

456 1495 491 1549 et
508 1483 928 1549 bonaconscientiaDeum
946 1486 1119 1565 invocare,
1138 1496 1170 1549 ct
1187 1483 1278 1569 longi
1297 1505 1435 1550 munere
1484 1485 1718 1550 eministerio.
1763 1484 1800 1550 ld
1821 1505 1888 1548 non
1911 1497 1963 1551 est
1984 1505 2125 1551 necesse
2147 1485 2229 1563 fieri,
2252 1488 2315 1551 sed
2337 1484 2395 1554 illa
2412 1508 2469 1554 ae·

456 1570 599 1634 omnium
620 1588 748 1634 summo
783 1582 816 1635 et
838 1568 1042 1649 difficillimo,
1069 1591 1109 1636 ex
1135 1568 1290 1634 licatione
1311 1570 1433 1636 doetri-
1484 1583 1538 1635 tas
1560 1571 1702 1656 quadam
1723 1572 1959 1655 superstitione
1981 1571 2137 1636 secundis
2159 1572 2280 1656 nuptiis
2297 1572 2470 1639 etiemlai·

455 1674 520 1722 nae
541 1666 575 1719 et
597 1656 838 1741 gubernatione
864 1653 1049 1724 Eeclmiae.
1167 1666 1221 1721 cte
1252 1656 1339 1721 enim
1371 1655 1433 1720 Pa·
1486 1678 1602 1722 eornm
1624 1654 1684 1722 fult
1704 1657 1856 1743 iniquior,
1879 1668 1915 1720 nt
1936 1676 1978 1720 ex
1988 1652 2192 1724 Tertulliano
2216 1658 2250 1722 iu
2272 1656 2469 1726 Laodicena

402 1797 407 1804 .
457 1739 626 1823 phnutius‚
659 1742 715 1827 qui
749 1742 809 1819 ait,
844 1741 1022 1829 coniugum
1056 1742 1328 1808 consuetudinem
1356 1760 1434 1808 esse
1486 1741 1624 1828 Synodo
1653 1753 1806 1828 apparet:
1839 1741 1951 1815 Quare
1977 1762 2044 1806 non
2073 1752 2126 1806 est
2152 1744 2271 1809 minam
2298 1745 2467 1811 dudornn

455 1827 651 1892 castitatem.
1485 1825 1593 1893 luisse
1614 1828 1847 1900 sacerdotibus
1881 1827 1913 1891 in
1936 1824 2001 1893 hoc
2021 1848 2118 1900 casu.
2162 1827 2232 1894 Cur
2261 1841 2372 1895 antem
2395 1832 2468 1897 ido·

1486 1932 1584 1978 neum
1615 1913 1799 1980 ministrum
1831 1914 1876 1979 ab
1909 1908 2021 1979 cilicio
2053 1932 2300 1980 removeremus
2326 1928 2469 2003 propter

1484 1998 1575 2063 hanc
1596 2018 1744 2078 causam,
1778 2020 1854 2064 cnm
1885 2000 2049 2084 scriptura
2070 1998 2267 2082 apostolica
2299 2003 2469 2067 concedet

1486 2085 1516 2148 ei
1535 2085 1705 2166 ,secundas
1737 2086 1883 2169 nuptias,
1915 2098 1952 2148 ut
1980 2086 2068 2150 dicta
2088 2082 2183 2150 Pauli
2212 2097 2398 2166 testantur,
2433 2099 2469 2153 et

1486 2171 1674 2253 coniugium
1697 2170 1740 2234 slt
1762 2191 1870 2255 genus
1881 2170 1969 2236 vitae
1984 2172 2073 2256 pium
2091 2190 2134 2235 ac
2149 2167 2342 2239 laudatum?
2365 2171 2468 2247 Quod

692 2310 695 2314 Α
1486 2255 1570 2320 enim
1594 2256 1713 2321 dieitur
1729 2257 1770 2321 ad
1793 2254 2001 2321 Timotheum
2024 2257 2120 2322 etad
2143 2254 2267 2322 'litumt
2292 2255 2343 2322 Sit
2364 2260 2468 2324 nnius

541 2337 701 2403 Fateatur
722 2339 855 2424 quidam
877 2336 955 2424 eligi
1001 2357 1080 2403 osse
1101 2341 1238 2404 maritos
1260 2341 1433 2405 admunus
1484 2341 1597 2405 uxoris
1629 2340 1699 2418 vir,
1730 2340 1801 2407 vult
1833 2339 1959 2407 Paulus
1990 2340 2167 2408 honestum
2199 2343 2352 2409 maritum
2384 2363 2469 2410 esse

456 2423 680 2503 sacerdotum,
701 2424 763 2489 sed
785 2422 932 2489 coelibes
955 2357 1083 2489 chates
1105 2435 1227 2530 negm
1272 2436 1326 2491 ost
1347 2426 1434 2490 ordi·
1484 2437 1674 2491 contentum
1697 2429 1838 2513 coniuge
1860 2448 1934 2495 aua.
1976 2426 2052 2492 Non
2073 2424 2243 2513 prohibet,
2263 2448 2332 2514 quo
2353 2430 2469 2496 minus

456 2510 622 2575 nationem
653 2528 757 2595 posse
789 2509 914 2575 ducere
943 2528 1080 2576 uxores.
1145 2512 1225 2575 baio
1270 2532 1312 2576 oc
1333 2512 1433 2577 obiici
1483 2512 1594 2597 priore
1605 2523 1744 2591 mortua,
1761 2514 1861 2578 ducat
1870 2511 1981 2579 aliam.
2005 2512 2091 2578 Nam
2103 2526 2136 2579 et
2145 2515 2189 2590 is,
2200 2519 2256 2599 qui
2267 2514 2469 2596 secundam,

456 2596 593 2673 nostris,
626 2598 687 2661 sed
719 2605 773 2661 est
794 2592 899 2659 futilis
916 2607 949 2660 et
971 2596 1079 2661 inertis
1101 2592 1279 2662 cavillatio.
1343 2594 1433 2662 Nihil
1482 2599 1594 2681 priore
1605 2610 1747 2678 mortua,
1771 2600 1872 2676 ducit,
1895 2610 1948 2664 est
1957 2601 2055 2664 nnius
2067 2601 2181 2663 uxoris
2193 2600 2256 2677 vir,
2277 2600 2307 2664 si
2319 2600 2470 2689 coniuge

456 2682 543 2746 enim
564 2703 606 2746 ex
639 2678 846 2766 apostolicis
868 2679 974 2745 literis
996 2677 1136 2766 proferri
1158 2692 1270 2767 potest
1293 2683 1336 2747 ad
1359 2703 1433 2749 mm
1483 2696 1801 2750 suaoontentnsest.
1824 2684 2017 2758 Quaeesset
2029 2686 2071 2748 im
2096 2686 2192 2762 ietas,
2205 2697 2472 2770 proptersuper·

456 2766 725 2833 confimrandnm.
779 2764 821 2831 Et
838 2764 976 2833 retuari
997 2764 1089 2832 clare
1110 2779 1258 2833 veterum
1279 2767 1433 2852 Synodo·
1483 2769 1647 2835 stitiosam
1667 2771 1875 2835 traditionem
1893 2771 2038 2836 idoneos
2094 2782 2228 2835 octores
2244 2791 2470 2839 removeren

456 2874 528 2917 rum
550 2854 725 2917 sententiis
747 2863 868 2936 potest
911 2850 1034 2917 Distin.
1056 2852 1110 2918 28.
1133 2853 1166 2918 in
1189 2871 1261 2938 cap.
1280 2851 1432 2932 Diaconi,
1483 2852 1664 2933 functione,
1687 2875 1761 2921 omn
1782 2876 1903 2942 magna
1926 2857 2054 2922 iactura
2074 2852 2326 2922 Ecclesiamm‘l
2347 2853 2471 2924 Multis

456 2938 562 3024 inquit
594 2937 752 3025 Synodus
785 2937 977 3024 Aneyrann,
1007 2936 1179 3003 Diaconos
1209 2937 1374 3019 coelibes,
1403 2942 1433 3005 si
1484 2941 1570 3005 enim
1592 2941 1725 3006 omnino
1754 2942 1898 3007 defuturi
1919 2954 2034 3006 essent
2054 2953 2209 3026 pastores
2236 2940 2289 3006 his
2313 2945 2478 3029 remotis,

455 3036 575 3109 postea
609 3025 718 3090 evecti
740 3024 783 3090 ed
812 3024 952 3109 gradum
980 3025 1184 3107 superiorem
1208 3024 1331 3091 ducant
1351 3047 1432 3091 nao-
1484 3024 1605 3092 alicubi
1628 3039 1885 3113 surrogarentnr
1912 3029 2020 3093 minus
2047 3028 2168 3092 idonei.
2212 3025 2332 3113 Longe
2354 3042 2473 3095 antem

456 3131 526 3186 res,
549 3110 801 3175 eoncedendum
822 3109 993 3187 esse,nisi
1015 3108 1283 3197 votuml'ecerint
1308 3131 1432 3178 senon
1482 3108 1731 3178 anteferendum
1766 3124 1820 3177 est
1839 3113 2056 3179 ministerium
2077 3112 2252 3201 Evangelii
2277 3113 2330 3178 his
2363 3116 2475 3181 tradi-⁴

456 3190 624 3261 ducturos'
637 3215 772 3261 uxores.
817 3194 912 3261 Tunc
933 3195 1020 3260 enim
1042 3192 1179 3261 liberum
1203 3207 1275 3262 erat
1286 3195 1432 3277 cuilibet,
1485 3198 1634 3264 tionibus
1657 3200 1807 3264 humanis
1829 3217 1895 3263 non
1918 3200 2130 3265 necessariis.

454 3278 567 3347 faeere
584 3292 641 3347 aut
660 3301 727 3346 non
756 3279 867 3347 facere
889 3293 1014 3346 votum.
1058 3280 1221 3347 Concedit
1243 3303 1325 3369 ergo
1347 3284 1434 3371 Syn·

461 3368 546 3431 odus
575 3368 735 3443 ordinatis
767 3369 891 3433 ducere
918 3387 1054 3432 uxores.
1098 3367 1141 3432 Et
1162 3366 1217 3432 hic
1238 3389 1311 3433 mos
1334 3368 1433 3435 hodie

454 3464 567 3518 manet
587 3453 621 3516 in
644 3453 775 3519 Graeca
791 3451 957 3519 Ecclesia.
986 3451 1124 3520 Ducunt
1143 3475 1269 3520 uxores
1287 3456 1433 3542 Presby-

454 3539 518 3602 teri
540 3540 638 3602 etiam
660 3550 736 3623 post
758 3540 1009 3605 ordinationem.
1043 3537 1145 3624 idque
1166 3537 1288 3606 latetur
1309 3541 1433 3607 dietum
1859 3586 1864 3605 .

455 3621 540 3688 naa
558 3623 610 3687 31.
633 3626 690 3687 nn
712 3622 847 3709 legitur:
870 3622 1058 3689 orientales
1079 3626 1112 3688 tn
1135 3626 1243 3689 sacas
1261 3627 1453 3692 ordinibus,
1607 3637 1609 3642 ·
1776 3615 1931 3716 Quarta
1963 3612 2160 3698 Obiectio.

460 3707 671 3793 copulantur,
702 3712 757 3775 ubi
791 3706 918 3774 Glossn
940 3706 1109 3774 ridiculam
1131 3710 1433 3795 interpretationem
1799 3750 1801 3754 ν
2071 3737 2077 3744 ·

456 3792 599 3880 affingit,
623 3792 843 3878 copulantur,
866 3795 900 3860 id
922 3806 988 3873 est,
1010 3791 1167 3878 copulato
1188 3807 1335 3862 utuntur.
1365 3796 1434 3862 Sed

454 3902 522 3946 non
545 3893 597 3947 est
618 3882 775 3947 inusitata
796 3882 881 3947 haec
903 3882 1085 3967 sophistica
1106 3883 1139 3946 in
1157 3878 1289 3947 illorum
1300 3880 1432 3969 glossis.
1572 3877 1748 3945 Cavillatio
1782 3891 1835 3944 est
1867 3881 2001 3966 indigna
2023 3878 2230 3960 refutatione,
2262 3882 2325 3946 sed
2355 3895 2473 3950 tameo

1484 3966 1664 4030 recitanda.
1709 3965 1820 4053 Reges
1847 3980 1989 4051 possunt
2022 3970 2064 4032 de
2092 3969 2194 4031 rebus
2223 3965 2368 4052 politicis
2404 3990 2473 4035 suo

542 4051 638 4117 Unde
671 4053 773 4140 igitur
793 4051 878 4118 haec
900 4055 1074 4137 persuasio
1098 4063 1172 4117 orta
1194 4065 1264 4133 est,
1297 4066 1334 4119 ιιι
1355 4067 1432 4140 post
1483 4053 1604 4117 iudicio
1627 4052 1762 4117 decreta
1789 4051 1911 4117 lacere.
1956 4051 2199 4118 Matrimonium
2228 4066 2280 4119 est
2303 4074 2360 4119 res
2385 4054 2472 4139 poli·

456 4140 692 4204 ordinationem
715 4136 823 4203 nolint
844 4141 1030 4206 concedere
1052 4140 1263 4224 coniugium?
1311 4140 1432 4206 Ronra·
1484 4139 1566 4203 ticet
1595 4136 1686 4223 Ergo
1708 4137 1858 4225 Regibus
1879 4133 1958 4202 licet
1979 4139 2020 4203 de
2044 4160 2085 4205 eo
2109 4139 2243 4204 decreta
2263 4136 2382 4205 iacere
2405 4162 2473 4208 suo

455 4248 498 4289 na
515 4223 680 4311 Tyranais
701 4235 772 4301 est,
805 4244 891 4309 quae
912 4237 948 4289 nt
968 4234 1046 4309 post
1068 4225 1307 4290 ordinationem
1331 4227 1434 4291 divul-
1484 4225 1615 4289 indicio.
1662 4223 1704 4287 Ut
1728 4222 1799 4288 Rex
1821 4235 1933 4308 potest
1965 4236 2091 4292 tantum
2114 4221 2263 4291 coelibes
2292 4227 2473 4293 ministros

455 4311 498 4375 sit
520 4311 677 4396 coniugia
700 4321 825 4386 vetera,
848 4314 892 4375 ita
915 4332 981 4376 non
994 4310 1163 4375 concessit
1174 4330 1280 4375 novat
1303 4311 1433 4376 Deinde
1483 4311 1517 4374 in
1539 4308 1647 4373 aulem
1669 4311 1858 4389 admittere,
1891 4312 1942 4375 sic
1965 4311 2095 4375 videtur·
2145 4330 2224 4375 osse
2247 4312 2471 4393 constituere,

456 4397 552 4462 etiam
570 4398 697 4481 pariter
718 4416 835 4460 omnes
858 4397 971 4481 adegit
992 4397 1036 4460 ad
1058 4397 1256 4461 vovendum.
1286 4395 1366 4461 Scio
1390 4400 1432 4463 ab
1485 4407 1520 4460 ut
1542 4406 1668 4459 tantum
1698 4393 1846 4461 coelibes
1875 4398 2021 4481 praesint
2049 4333 2222 4461 Ecclesiis.
2266 4396 2390 4462 Brevis
2415 4419 2472 4464 re·

454 4482 669 4561 adversariis,
691 4483 748 4568 qni
765 4481 874 4546 literis
897 4481 981 4547 luris
1028 4480 1163 4554 ontificii
1185 4493 1354 4567 utcunque
1376 4485 1433 4547 im·
1484 4482 1622 4565 sponsio
1645 4492 1715 4560 est,
1747 4480 1856 4546 Maior
1883 4483 2036 4567 neganda
2058 4495 2123 4547 est:
2157 4481 2267 4567 Reges
2289 4484 2380 4548 enim
2403 4504 2471 4549 neo

455 4570 522 4633 huti
559 4580 646 4640 sunt,
677 4589 751 4631 cnm
770 4565 926 4632 historias
949 4504 1060 4632 nullas
1082 4569 1210 4647 norint,
1243 4589 1344 4653 saepe
1366 4568 1433 4634 hoc
1485 4569 1526 4632 de
1545 4564 1688 4651 politicis
1710 4570 1812 4633 rebus
1835 4568 1971 4633 decreta
1993 4588 2054 4633 suo
2074 4569 2195 4634 iudicio
2218 4565 2471 4656 qualiacunque

454 4655 576 4719 dictum
598 4654 731 4719 iactari:
754 4653 863 4717 Posse
886 4652 962 4739 eligi
983 4655 1121 4718 maritos
1144 4657 1350 4734 sacerdotes,
1372 4656 1431 4719 sed
1485 4655 1631 4718 condere
1653 4657 1810 4738 possunt,
1833 4655 1892 4719 sed
1916 4655 2038 4718 debent
2058 4656 2162 4719 iustas
2185 4652 2281 4739 leges
2305 4657 2470 4736 condere,

455 4761 523 4805 non
545 4759 649 4826 posse
671 4740 824 4818 concedi,
846 4751 882 4803 ut
904 4738 999 4805 electi
1023 4738 1171 4806 coelibes
1200 4751 1280 4824 post
1303 4742 1432 4807 ordina·
1486 4750 1521 4807 οι
1542 4740 1635 4824 sequi
1658 4741 1812 4805 iudicium
1834 4738 1917 4814 Dei,
1941 4737 2107 4817 videlicet,
2130 4760 2172 4803 ne
2196 4739 2340 4804 condant
2369 4738 2470 4827 leges

455 4829 578 4892 tionem
599 4828 720 4894 dueum
743 4846 891 4891 uxorem.
922 4826 989 4890 Sed
1013 4827 1042 4890 si
1065 4847 1207 4912 quaeras
1225 4826 1352 4892 firmam
1375 4848 1433 4892 au·
1483 4838 1672 4911 pugnantes
1694 4845 1769 4891 enm
1792 4828 1953 4890 mandatis
1974 4826 2048 4890 Dei.
2093 4824 2231 4891 Politice
2252 4845 2309 4893 res
2338 4839 2393 4892 est
2416 4826 2469 4894 lo·

454 4914 623 4978 toritatem
643 4912 741 4978 huius
764 4913 854 4990 dicti,
877 4910 957 4976 nibil
978 4919 1021 4977 ex
1044 4915 1151 4977 sacris
1168 4911 1272 4978 literis
1288 4914 1434 4997 proferri
1484 4930 1582 4975 reuse
1602 4912 1768 4988 indicium,
1789 4914 1849 4976 sed
1865 4911 2013 4999 Regibus
2032 4931 2098 4976 non
2110 4910 2292 4997 licetleges
2305 4914 2469 4993 condere,

403 5034 407 5040 ·
454 5012 577 5086 potest.
642 4997 685 5063 Et
717 4999 886 5065 contraria
918 4996 1073 5083 exempla
1094 5010 1211 5065 vetera
1233 5012 1266 5065 et
1287 5001 1434 5064 recentia
1484 5008 1521 5061 ot
1531 4996 1634 5063 ludex
1646 5000 1758 5080 puniat
1768 4999 1990 5077 innocentem,
2012 5000 2084 5062 sine
2100 4996 2248 5085 legitima
2259 5000 2468 5081 cognitione.

455 5087 608 5151 Graecae
630 5084 808 5151 Ecclesiae
829 5087 950 5169 opponi
969 5096 1121 5169 possupt.
1166 5085 1241 5150 Non
1265 5081 1275 5149 i
1301 5087 1433 5151 'turde-
1484 5083 1594 5147 Habet
1616 5103 1696 5148 siras
1718 5095 1823 5149 metas
1841 5083 1970 5167 Regum
2007 5087 2150 5163 stenen,
2172 5092 2236 5149 nee
2265 5094 2378 5149 sumat
2401 5086 2470 5152 sihi

455 5174 571 5238 terreri
603 5191 668 5236 nos
697 5191 717 5235 a
752 5172 890 5235 veritate
923 5171 1188 5237 sinamus-inani
1212 5174 1285 5237 cavi
1313 5172 1434 5251 atione,
1484 5166 1651 5235 licentiam
1673 5180 1789 5234 eontra
1817 5172 1973 5246 nrnudata
2028 5171 2058 5235 ei
2081 5169 2205 5256 aliquid
2227 5170 2494 5238 constituendi..

453 5279 539 5345 qnae
556 5278 624 5323 non
646 5256 780 5322 aliunde
801 5258 866 5322 nisi
887 5279 928 5322 ex
950 5260 1072 5322 iniusto
1095 5277 1189 5323 more
1210 5256 1434 5325 Romanorum
1485 5255 1654 5320 Pertinent
1686 5256 1728 5320 ad
1762 5255 1855 5340 ipsos
1883 5275 2016 5342 quoque
2042 5257 2150 5321 minae
2173 5253 2359 5321 coelestes:
2393 5257 2472 5324 Vae

453 5344 647 5431 pontificum
670 5354 745 5410 orta
767 5353 831 5408 est.
1485 5341 1582 5407 vobis
1600 5342 1633 5406 vi
1656 5342 1801 5406 scribitis
1824 5340 1917 5427 leges
1940 5343 2080 5427 iniquas.
2125 5342 2196 5407 lieo
2218 5339 2409 5425 exemplum
2426 5345 2471 5413 de

1485 5425 1603 5492 aulicis
1620 5428 1937 5494 accommodandum
1959 5441 2012 5492 est
2033 5430 2076 5495 nd
2097 5440 2293 5513 perpetuum
2318 5427 2471 5497 coelibe·

543 5515 716 5592 Quaerunt
738 5517 836 5582 etiam
859 5517 1046 5583 adversarii
1067 5517 1110 5584 de
1132 5515 1292 5603 digami&
1319 5526 1356 5580 ut
1376 5535 1435 5581 vo-
1487 5524 1571 5579 tum=
1593 5511 1792 5580 iniustalex
1816 5516 1956 5581 ethaeo
1977 5526 2083 5594 esset,
2113 5516 2146 5581 Si
2167 5511 2282 5602 Reges
2309 5515 2472 5599 prohibe-

753 2122 892 2205 Tertia
937 2120 1135 2225 Obiectio.
