5892 6709
477 649 553 752 ‘rra
773 630 776 636 ¹
1107 679 1222 748 eun.
1242 679 1347 746 uun.
1370 679 1559 750 senuna
1579 679 1859 766 nonnanes
2187 726 2191 732 .
2433 683 2502 750 ιιι

487 872 533 938 tia
554 867 684 956 placet,
706 869 799 934 iuxta
827 868 949 933 dictum
970 865 1078 933 Petri=
1101 867 1227 933 Offerte
1250 867 1378 934 hostias
1400 890 1418 934 s
1441 870 1467 959 ἰή
1489 870 1494 964 l
1516 880 1657 935 mortem
1684 870 1891 955 peccatoris,
1924 870 1984 935 sed
2017 879 2055 934 ut
2082 878 2299 935 convertatur
2328 879 2363 935 ot
2395 871 2501 938 vivat.

486 954 646 1034 rituales,
675 953 847 1041 placentes
876 953 951 1019 Deo
973 973 1035 1039 per
1064 954 1171 1018 lesum
1198 952 1380 1022 Christum.
1453 970 1467 1019 t
1490 982 1494 1000 ·
1517 956 1596 1020 ldeo
1618 957 1795 1041 promissio
1817 957 1944 1041 gratiae
1965 957 2153 1020 nominatur
2180 969 2353 1021 aeternum
2381 955 2503 1021 Testa·

486 1040 573 1108 baec
596 1045 670 1125 ipsa
691 1042 878 1106 obedientia
898 1038 1038 1127 placens
1059 1038 1153 1118 Ded,
1184 1042 1369 1107 nominatur
1396 1038 1467 1107 cul·
1516 1055 1671 1107 ruentum.
1700 1041 1785 1113 Quia
1803 1062 1888 1118 ,vero
1911 1041 2006 1107 Deus
2027 1043 2060 1105 in
2083 1039 2148 1107 hnc
2171 1043 2239 1107 vita
2258 1038 2326 1106 vult
2348 1043 2504 1107 inchoari

487 1138 543 1193 tus
566 1125 631 1192 Dei
660 1138 694 1191 et
715 1127 928 1209 sacrificium,
964 1124 1094 1190 seilicet
1114 1125 1331 1210 εὐχαρισιικὸν.
1374 1126 1468 1192 llaec
1519 1125 1749 1193 collectionem
1771 1123 1964 1206 Ecclesiae,
1985 1128 2110 1192 addidit
2139 1129 2238 1191 etiam
2259 1129 2503 1210 promissiones

487 1214 622 1278 nomina
643 1223 722 1278 sunt
750 1213 956 1277 bunorolica.
1001 1212 1086 1275 Nam
1113 1214 1312 1278 sucdficium
1342 1211 1467 1299 signifi·
1518 1215 1681 1297 bonorum
1704 1211 1926 1297 corporalium
1950 1233 2013 1277 seu
2033 1214 2269 1298 praesentium,
2293 1234 2378 1298 quae
2402 1216 2505 1279 etiam

488 1309 544 1364 cat
566 1318 661 1383 opus,
685 1318 751 1382 quo
771 1296 868 1362 'Deus
890 1299 1013 1362 iudicat
1034 1318 1072 1361 se
1094 1298 1223 1362 bonore
1244 1298 1343 1364 allici.
1388 1299 1467 1363 ldeo
1520 1309 1598 1363 sunt
1617 1311 1711 1363 ratae
1733 1311 1871 1383 propter
1892 1296 2024 1375 ιἰιῖιιιιι,
2045 1301 2133 1363 sicut
2153 1299 2190 1363 2.
2210 1295 2289 1363 Cor.
2315 1300 2342 1365 l.
2365 1299 2503 1368 diciturz

487 1384 610 1462 dictum
634 1395 698 1463 est,
721 1382 813 1446 Esai.
835 1382 890 1447 61.
934 1382 1008 1446 Vos
1037 1385 1233 1449 sacerdotes
1254 1383 1388 1448 Domini
1411 1403 1469 1448 vo·
1520 1383 1646 1449 Omnes
1668 1385 1907 1467 promissiones
1929 1383 2110 1449 ianristo
2128 1394 2207 1448 sunt
2228 1395 2321 1448 ratae
2343 1396 2505 1450 ettamen

488 1470 652 1541 cabimini,
676 1470 816 1533 ministri
838 1467 903 1534 Dei
925 1472 1031 1532 nostri
1052 1469 1182 1534 dicetur
1202 1470 1310 1535 vobis.
1343 1466 1468 1534 Psalm.
1519 1469 1702 1535 differentia
1726 1481 1793 1549 est,
1825 1469 1920 1535 Deus
1950 1474 2008 1534 dat
2036 1472 2122 1535 bonu
2142 1489 2192 1534 'eo
2235 1468 2357 1548 oralia,
2391 1490 2505 1555 neque

485 1553 539 1640 50.
562 1553 770 1619 Sacrificium
787 1553 863 1619 Deo
874 1553 1016 1638 Spiritus
1038 1552 1290 1626 contribulatus,
1312 1576 1373 1621 eor
1390 1575 1469 1620 con·
1520 1556 1647 1634 eadem,
1670 1575 1779 1642 neque
1801 1561 1916 1620 eodem
1939 1556 2050 1632 modo,
2072 1567 2108 1620 ut
2121 1554 2212 1626 Abra
2238 1556 2506 1637 aedatdivitias,

485 1641 609 1704 tritum.
641 1636 788 1705 Malacb.
806 1639 838 1704 3.
873 1639 1039 1727 Purgabit
1067 1653 1101 1704 et
1133 1638 1257 1705 colabit
1290 1633 1350 1706 eos
1382 1641 1470 1704 sieut
1519 1659 1587 1705 non
1614 1641 1669 1706 dat
1690 1640 1834 1725 Lazaro.
1879 1639 1965 1705 Sinit
1987 1640 2157 1705 lonatbam
2178 1639 2319 1706 interfici
2342 1662 2417 1707 cum
2442 1661 2506 1792 pp·

485 1745 603 1791 aurum
626 1736 661 1789 et
681 1738 874 1810 argeutum,
895 1737 930 1791 et
951 1737 1049 1792 eruut
1076 1725 1143 1791 duo
1166 1725 1345 1792 offerentes
1366 1726 1486 1791 soem-b
1518 1741 1590 1804 tre,
1620 1746 1687 1791 non
1709 1728 1788 1791 sinit
1817 1727 1924 1791 occidi
1946 1726 2121 1791 Davidem.
2164 1729 2245 1791 ltem
2272 1728 2367 1810 punit
2399 1728 2453 1792 ει·
2469 1727 2504 1792 'o

486 1808 565 1876 ficia
585 1812 770 1877 iniustitia.
913 1864 920 1880 .
1519 1808 1695 1891 Davidem,
1717 1832 1785 1876 nou
1806 1814 1857 1878 sie
1877 1812 1971 1896 punit
1991 1811 2180 1876 Ezechiam.

503 1973 505 1980 ’
574 1980 708 2053 Quanta
730 1978 921 2047 consolatio
943 1993 997 2045 est
1018 1983 1117 2059 scire,
1140 1980 1329 2061 Pastorem,
1343 1979 1468 2045 Ducto-
1605 1977 1687 2046 Vult
1710 1993 1818 2046 autem
1848 1991 1882 2046 et
1909 2000 2046 2067 poenas¹
2065 1994 2099 2047 et
2130 1982 2278 2066 praemia
2306 2001 2445 2065 operum
2467 1983 2505 2047 in

487 2086 570 2145 rem,
581 2064 800 2152 Discipulum‚
814 2065 1056 2153 Magistratum,
1076 2065 1225 2145 Militem,
1245 2061 1470 2131 Patremlami2
1518 2065 1586 2131 bac
1619 2068 1687 2131 vita
1719 2065 1854 2152 quoque
1886 2066 2053 2158 conspici,
2087 2087 2191 2151 quare
2222 2068 2350 2131 atrocia
2379 2065 2506 2134 detteta

485 2149 568 2229 lias,
590 2152 751 2231 Matrem,
772 2148 1026 2235 plaeere'Deo,
1055 2163 1089 2216 et
1109 2159 1286 2235 personam
1316 2165 1349 2218 et
1381 2151 1470 2216 banc
1493 2195 1497 2222 2
1518 2153 1612 2238 punit
1634 2156 1804 2232 atrocibus
1825 2155 1943 2238 poenis
1972 2157 2004 2216 in
2027 2152 2092 2217 bac
2114 2154 2199 2230 vita,
2227 2164 2261 2215 et
2282 2171 2344 2236 pro
2367 2152 2505 2218 benaia·

482 2236 669 2323 'squalidam
693 2237 915 2302 obedientiam
937 2240 976 2314 in¹
994 2239 1143 2303 maximis
1165 2235 1336 2302 laboribus
1359 2251 1392 2302 et
1414 2258 1478 2303 ae·-
1521 2239 1584 2302 ctis
1607 2239 1664 2303 dat
1686 2240 1834 2320 praemia
1855 2237 1940 2303 alias
1961 2237 2059 2303 aliter
2080 2257 2142 2302 suo
2163 2236 2315 2302 consiliu.
2359 2236 2403 2301 Et
2420 2260 2506 2307 vers

484 2325 611 2389 rumuis
643 2324 873 2402 vocationum,
912 2333 946 2388 et
985 2324 1133 2388 discerni
1173 2343 1238 2388 nos
1271 2325 1314 2388 ab
1350 2324 1469 2406 impiis.
1520 2336 1572 2387 est
1593 2324 1793 2407 propositioz
1814 2324 1911 2388 Bona
1932 2343 2036 2409 opera
2059 2336 2270 2401 sanctorum,
2294 2324 2423 2387 etiamsi
2444 2345 2506 2388 ne·

485 2408 653 2481 Quantum
675 2406 778 2473 resert
805 2409 894 2473 scire
922 2406 1070 2473 militiam
1095 2406 1235 2474 Davidis
1266 2429 1343 2474 esse
1365 2410 1470 2473 sacri·
1520 2430 1585 2494 que
1607 2409 1836 2473 remissionem
1858 2421 2088 2493 peccatorum,
2121 2428 2228 2493 neque
2257 2406 2506 2473 reconciliatio·

470 2493 684 2560 ·liciumDeo
707 2508 836 2559 oratum
858 2505 891 2558 et
908 2493 990 2559 utile
1012 2492 1200 2559 Ecclesiae:
1230 2492 1301 2558 lulii
1324 2492 1470 2558 militiam
1493 2467 1498 2566 ι
1520 2514 1613 2574 ιιιιιι,
1643 2514 1751 2579 neque
1774 2496 1874 2559 vitam
1896 2508 2064 2559 aeternam
2086 2506 2272 2571 merentur,
2294 2506 2404 2558 tamen
2432 2515 2508 2559 me·

486 2600 565 2645 esse
588 2545 747 2644 horribile
770 2581 969 2658 incendium,
992 2592 1025 2644 et
1047 2581 1214 2662 impetum,
1236 2582 1270 2643 in
1319 2577 1470 2645 uoDeus
1520 2580 1586 2643 reri
1618 2576 1684 2643 alia
1712 2582 1859 2664 praemia
1888 2577 2075 2665 corporalia
2103 2589 2136 2643 et
2164 2576 2349 2663 spiritualia
2375 2579 2408 2642 in
2434 2580 2507 2646 luae

486 2661 689 2732 contumelia
709 2663 867 2729 allicitur.
911 2666 990 2728 ldeo
1014 2665 1094 2739 dicit
1117 2663 1258 2730 Paulus:
1323 2686 1384 2729 eus
1407 2676 1470 2742 est,
1520 2666 1605 2744 vita,
1628 2662 1740 2750 aliquo
1763 2667 1862 2730 modo
1884 2667 2120 2753 mitigationem
2142 2684 2322 2748 poenarum
2344 2684 2508 2749 praesen·

486 2752 543 2837 qui
565 2750 656 2828 facit,
678 2761 714 2816 ut
744 2746 865 2827 velitis,
888 2762 921 2813 ot
942 2762 979 2815 ut
999 2748 1198 2834 perficiatis,
1218 2760 1256 2815 ut
1276 2752 1385 2835 aliqua
1406 2750 1470 2833 ipsi
1522 2752 1618 2828 tium,
1651 2752 1926 2836 gubernationem
1965 2747 2237 2837 tranquilliorem.
2291 2749 2336 2817 Et
2373 2752 2505 2835 gradus

486 2850 585 2921 grata
607 2834 699 2912 liant,
721 2835 818 2920 quasi
840 2837 943 2899 dicat:
962 2835 1039 2899 Non
1061 2833 1132 2899 vult
1155 2846 1259 2901 totum
1306 2855 1390 2908 enus¹
1412 2835 1471 2899 bu·
1521 2849 1617 2901 erunt
1637 2838 1672 2900 in
1694 2838 1761 2902 vita
1782 2849 1930 2902 aeterna.

486 2941 618 2986 manum
641 2918 708 2985 tale
730 2941 819 3000 esse,
841 2934 879 2985 ut
901 2919 1099 2985 contumelia
1110 2919 1220 2985 Deum
1239 2920 1271 2985 al
1297 2922 1372 2986 ciat.
1401 2917 1471 2986 Sed
2401 2957 2404 2962 ·

487 3006 560 3072 vult
583 3026 664 3071 esse
685 3004 828 3093 aliquam
851 3019 997 3091 partem,
1025 3015 1111 3092 quae
1134 3005 1280 3071 celebret
1302 3006 1410 3071 Deum
1437 3017 1471 3070 et
1608 3005 1684 3070 Sint
1711 3007 1812 3094 igitur
1839 3007 1873 3072 in
1902 3017 2086 3089 conspectu
2106 3006 2346 3091 promissiones
2368 3006 2505 3071 additae

488 3103 587 3177 gruta
614 3092 644 3156 ei
676 3088 796 3171 faeiat,
828 3105 861 3156 et
889 3093 1020 3178 quidem
1050 3094 1122 3175 ipse
1151 3094 1285 3158 adiuvat
1317 3091 1470 3157 volentes
1522 3094 1694 3175 operibus.
1749 3091 1837 3158 Date
1869 3104 1905 3158 et
1938 3092 2069 3157 dabitur
2102 3094 2210 3157 vobis.
2263 3091 2360 3156 Beati
2393 3094 2504 3173 mites,

486 3179 551 3263 ipsi
573 3178 722 3258 obedire,
743 3174 889 3257 etfacit,
911 3190 948 3243 ut
970 3191 1124 3243 servetur
1145 3177 1194 3240 E·
1217 3176 1317 3256 lesia,
1340 3189 1373 3241 ει
1394 3198 1470 3260 pro·
1522 3177 1599 3261 quia
1632 3177 1854 3261 possidebunt
1887 3190 2017 3243 terram.
2073 3177 2117 3240 Et
2157 3198 2261 3260 saepe
2303 3179 2503 3263 cogitemus,

487 3264 555 3327 sint
583 3259 738 3348 labores,
768 3263 863 3329 Sicut
894 3260 975 3328 alibi
1004 3265 1110 3347 inquit
1134 3261 1183 3328 Pa
1220 3283 1277 3328 us:
1309 3262 1386 3328 Non
1418 3275 1472 3328 est
1521 3284 1625 3347 quare
1660 3263 1751 3327 Deus
1787 3263 1960 3327 tradiderit
1999 3265 2237 3347 promissiones
2279 3260 2504 3347 corporalium

487 3348 596 3414 manis
618 3346 715 3414 labor
736 3361 850 3415 vester
871 3350 905 3414 in
927 3346 1083 3414 Domino.
1522 3349 1697 3426 bonorum,
1721 3362 1755 3413 et
1773 3352 1861 3434 quod
1882 3348 1964 3413 velut
1985 3360 2081 3413 ettam
2100 3370 2134 3412 m
2156 3348 2208 3412 bus
2233 3350 2329 3412 bonis
2350 3350 2503 3431 petendis

929 3504 934 3511 ⁸
1092 3459 1097 3467 ·
1460 3494 1462 3496 ,
1520 3444 1555 3497 ει
1586 3436 1788 3517 accipiendis
1828 3436 1977 3499 exerceri
2011 3434 2142 3517 Fidem,
2176 3434 2444 3512 lanceationem,
2471 3446 2505 3499 et

573 3517 667 3583 llaec
700 3520 789 3583 bona
811 3516 938 3583 scilicet
959 3516 1093 3602 placere
1115 3517 1210 3595 Deo,
1243 3537 1321 3582 esse
1343 3517 1470 3583 sacrifi·
1521 3518 1712 3584 Gratiarum
1744 3523 1918 3585 actionem.
1962 3520 2185 3583 Numerantur
2213 3532 2323 3594 autem
2357 3522 2504 3604 quinque

488 3606 587 3681 cium,
611 3622 687 3667 esse
709 3600 844 3668 labores
867 3602 977 3681 utiles,
1000 3602 1107 3688 qualis
1126 3605 1271 3688 dignitas
1293 3606 1375 3682 sint,
1397 3602 1469 3667 dili·
1521 3624 1661 3682 causae,
1693 3618 1831 3689 propter
1862 3625 1947 3691 quas
1979 3607 2122 3672 traditae
2150 3616 2228 3671 sunt
2259 3607 2503 3693 promissiones

512 3701 607 3753 enter
628 3689 906 3753 considerandum
925 3699 987 3760 est,
1008 3699 1096 3752 utet
1117 3690 1315 3766 necessitas,
1337 3701 1369 3753 et
1387 3687 1471 3753 haec
1494 3727 1499 3774 t
1523 3691 1685 3755 bonorum
1707 3690 1942 3775 corporalium.
2031 3727 2033 3732 ·

486 3773 634 3860 ingentia
666 3776 774 3853 bona,
806 3770 978 3852 videlicet,
1020 3775 1107 3858 quod
1141 3773 1328 3838 obedientia
1360 3771 1471 3877 placet
1688 3775 1696 3796 ⁸
1745 3785 1752 3799 “
1786 3780 1804 3840 st

486 3859 582 3940 Deo,
616 3862 705 3945 quod
729 3871 782 3924 est
802 3860 1020 3938 sacrificium,
1053 3860 1141 3944 quod
1165 3856 1255 3924 utilis
1278 3871 1330 3923 est
1351 3857 1471 3925 hecle-
1608 3858 1731 3939 Prima,
1754 3858 1837 3924 Vult
1860 3858 1954 3926 Deus
1974 3879 2037 3923 nos
2062 3858 2250 3925 confirmari
2278 3871 2396 3932 contra
2425 3860 2503 3946 Epi·

487 3950 577 4025 siae‚
601 3948 788 4011 exusciteut
821 3966 884 4008 uos
907 3945 949 4009 ad
974 3966 1088 4009 curam
1110 3946 1196 4027 bene
1225 3947 1403 4026 operandi,
1438 3958 1472 4011 ει
1524 3965 1643 4010 eureus
1661 3947 1928 4032 imaginationes,
1951 3958 1986 4009 et
2007 3948 2086 4010 sciri
2105 3967 2172 4011 non
2189 3967 2274 4011 casu
2292 3947 2405 4018 offerri
2418 3946 2503 4013 haee

486 4034 593 4098 maius
617 4034 738 4097 dourun
762 4044 825 4110 est,
848 4031 937 4117 quod
949 4028 1044 4094 Deus
1062 4027 1207 4095 allinunt
1229 4050 1268 4093 se
1288 4029 1374 4095 haec
1396 4032 1471 4115 ipsa
1523 4034 1611 4096 bona
1633 4034 1706 4096 sine
1728 4034 1832 4116 ipsius
1854 4031 2008 4097 consiliu.
2039 4030 2119 4096 Vult
2141 4035 2384 4118 ergo‘primum
2408 4053 2503 4097 esen

487 4121 576 4184 bona
607 4119 797 4204 gubernare
825 4128 860 4181 et
888 4118 1064 4195 adiuvare,
1095 4136 1134 4182 se
1155 4128 1365 4202 praesentem
1393 4137 1471 4182 esse
1522 4120 1590 4182 ceri
1612 4118 1727 4182 Fidem
1754 4118 1795 4181 de
1823 4119 2047 4201 providentia,
2069 4121 2159 4203 quod
2182 4131 2215 4182 et
2237 4133 2350 4183 creata
2371 4120 2440 4184 sint
2461 4121 2503 4184 ab

487 4205 522 4269 in
543 4201 602 4270 illa
624 4203 825 4268 obedientia.
1521 4204 1596 4286 ipso
1619 4205 1707 4268 bona
1729 4201 1934 4289 corporalia,
1956 4216 1991 4269 et
2018 4206 2256 4268 distribuantur
2286 4206 2391 4287 ipsius
2423 4225 2503 4268 eon·

1518 4285 1620 4368 silio,
1660 4290 1754 4354 iuxta
1791 4290 1931 4356 (ιιιιιιιιιι
1975 4290 2168 4356 Benedictio
2208 4290 2343 4354 Domini
2382 4291 2502 4357 divites

573 4372 704 4438 Deinde
714 4374 857 4439 addatur
874 4372 1026 4437 doctrina
1042 4373 1085 4435 de
1098 4371 1265 4455 praemiis,
1288 4372 1344 4435 ubi
1363 4372 1470 4436 scien·
1521 4371 1611 4438 sacit.
1756 4384 1759 4391 '

488 4461 566 4525 dum
588 4472 641 4524 est
662 4457 816 4543 duplices
833 4478 912 4524 esse
936 4458 1186 4540 promissiones.
1230 4455 1342 4521 Prima
1361 4455 1471 4523 Evan·
1537 4493 1546 4510 .
2247 4523 2257 4545 ,

487 4543 566 4631 gelii
599 4556 653 4610 est
678 4546 814 4630 propria
846 4556 880 4609 et
936 4544 1064 4607 ratuita.
1108 4542 1225 4607 Altera
1247 4555 1299 4607 est
1320 4563 1470 4626 operum,
1608 4544 1762 4610 Secunda
1800 4565 1905 4609 causa
1936 4555 2006 4625 est,
2042 4543 2122 4611 Vult
2160 4547 2222 4610 has
2259 4546 2502 4633 promissiones

488 4650 576 4717 quae
596 4642 709 4715 potest
733 4630 894 4695 nominari
910 4566 1060 4714 legalis.
1094 4627 1277 4694 Promissio
1296 4627 1469 4715 Evangelii
1521 4632 1742 4713 praesentium
1766 4631 2138 4697 bonomm'testimonia
2161 4653 2249 4709 esse,
2272 4632 2361 4717 quod
2386 4634 2419 4694 in
2437 4631 2503 4698 bac

427 4743 429 4749 ¹
488 4718 637 4802 propria,
660 4726 713 4780 est
733 4717 913 4801 promissio
935 4715 1093 4800 gratiae,
1108 4716 1142 4777 id
1165 4727 1235 4792 est,
1263 4716 1469 4782 remissionis
1522 4717 1589 4779 vita
1610 4715 1798 4782 Ecclesiam
1822 4730 2016 4782 servaturus
2039 4719 2093 4783 sit.
2137 4718 2214 4781 ldeo
2232 4715 2356 4782 Paulus
2379 4718 2501 4802 inquit:

512 4813 720 4880 eccatorum,
754 4799 1052 4878 reconciliationis,
1081 4799 1313 4865 vivificationis
1334 4821 1397 4883 per
1420 4800 1471 4863 tt·
1520 4799 1634 4867 Pietas
1666 4801 1769 4866 habet
1796 4804 2050 4885 promissionem
2083 4805 2269 4887 praesentis
2304 4814 2337 4867 et
2369 4800 2503 4868 suturae

487 4825 569 4953 lium
592 4899 623 4953 ει
642 4887 799 4973 Spiritum
819 4900 986 4964 sunctum,
1008 4899 1042 4952 et
1053 4888 1142 4951 vitae
1159 4899 1316 4951 aeternae
1334 4899 1470 4971 propter
1521 4888 1627 4966 vitae,
1662 4900 1695 4951 et
1722 4885 1886 4951 Dominus
1915 4889 2037 4973 inquit:
2071 4889 2142 4953 Scit
2163 4889 2263 4954 l‘ater
2290 4900 2406 4972 vester
2426 4910 2503 4953 coe·

487 4974 709 5042 llediatorem
731 4974 918 5039 donandae.
952 4972 1043 5037 llaec
1067 4984 1100 5037 et
1121 4974 1299 5056 praecipua
1315 4985 1348 5036 et
1366 4973 1470 5056 prima
1521 4970 1637 5052 lestis,
1673 4972 1761 5057 quod
1784 4974 1880 5037 vobis
1908 4972 1963 5038 bis
1986 4977 2086 5040 rebus
2111 4996 2195 5061 opus
2218 4975 2269 5040 sit.
2314 4974 2407 5051 ltem‚
2431 4974 2502 5038 Pri·

488 5061 668 5147 promissio
691 5070 760 5135 est,
782 5060 861 5124 ldeo
884 5061 970 5124 enim
988 5062 1076 5124 misit
1097 5058 1191 5123 Deus
1214 5056 1347 5137 Filium,
1368 5070 1405 5121 ut
1425 5060 1469 5122 ab
1521 5079 1608 5122 mum
1638 5059 1786 5142 quaerite
1809 5080 1947 5145 regnum
1971 5059 2052 5138 Dei,
2087 5073 2120 5125 et
2146 5072 2280 5126 caeteta
2305 5062 2503 5125 adiicientur

487 5147 634 5212 aeternis
649 5138 753 5209 'malis
774 5165 839 5208 nos
860 5142 979 5209 liberet
1001 5157 1034 5209 et
1049 5145 1203 5209 restituat
1215 5158 1352 5210 aeterna
1369 5145 1468 5209 bona.
1521 5144 1628 5207 vobis.
1665 5142 1705 5206 Et
1725 5142 1870 5209 Esa.3ll.
1894 5144 1995 5210 Dabit
2007 5143 2169 5212 Dominus
2191 5166 2311 5230 panem
2334 5158 2367 5209 et
2382 5166 2503 5230 aquam

487 5232 542 5298 Ac
571 5243 664 5297 certo
687 5231 831 5296 tenenda
858 5244 911 5296 est
932 5229 1017 5294 ltaec
1044 5229 1250 5311 consolatio,
1279 5232 1367 5298 hanc
1394 5251 1469 5315 pro·
1492 5197 1497 5281 ι
1521 5227 1840 5311 contribulatione,
1863 5241 1897 5296 ει
1917 5254 1984 5297 non
2006 5234 2093 5298 sinet
2115 5231 2253 5298 avolare
2275 5234 2460 5297 doctorem.

488 5320 681 5383 missionem
703 5330 738 5383 et
759 5318 935 5403 gratuitam
958 5334 1048 5394 esse,
1070 5329 1104 5381 et
1124 5337 1257 5401 semper
1278 5329 1381 5381 ratam
1393 5336 1470 5380 esse
1502 5351 1506 5358 ·
2197 5353 2203 5362 ·

489 5403 529 5467 iis
552 5406 607 5490 qui
630 5414 869 5469 convertuntur
890 5404 932 5467 ad
944 5399 1063 5482 Deum,
1087 5414 1120 5467 et
1136 5401 1332 5488 confugiunt
1353 5402 1395 5465 ad
1417 5401 1470 5465 Fi·
1605 5398 1717 5466 Tertia
1734 5421 1836 5467 eausa
1858 5415 1929 5482 est,
1956 5403 2042 5476 Quia
2058 5401 2130 5468 vult
2150 5402 2244 5468 Deus
2267 5405 2298 5468 in
2320 5400 2374 5467 his
2405 5401 2501 5466 bunis

490 5484 570 5554 lium
592 5490 689 5571 Fide,
717 5491 845 5555 etiamsi
867 5490 1047 5555 amittenda
1069 5491 1135 5554 sint
1157 5494 1267 5553 omnia
1288 5489 1376 5552 bona
1397 5506 1470 5550 eor·
1520 5488 1671 5571 petendis
1693 5499 1727 5552 et
1747 5490 1949 5574 accipiendis
1978 5491 2124 5553 exerceri
2148 5490 2281 5568 Fidem,
2313 5489 2501 5553 luvocatio·

491 5577 597 5661 poris,
618 5578 709 5644 iuxta
731 5577 871 5644 dictumz
894 5574 983 5643 Vivo
1006 5595 1083 5661 ego,
1104 5574 1184 5640 dicit
1192 5571 1370 5653 Dominus,
1391 5571 1470 5638 nolo
1520 5593 1613 5654 nem,
1642 5586 1677 5641 et
1698 5572 1888 5641 Gratiarum
1905 5576 2081 5661 actionem,
2098 5576 2190 5642 iuxta
2213 5577 2352 5643 dietum:
2375 5575 2502 5641 luvocs
