5892 6709
475 633 542 701 444
635 725 638 732 ¹
1056 635 1060 646 ·
1111 635 1224 704 rou.
1246 637 1350 704 trau.
1369 557 1856 732 444444444144444.
2426 651 2494 720 444

474 843 551 889 444
580 821 664 890 foris
685 826 893 891 accidentem
914 828 1010 891 etiam
1023 847 1098 892 curn
1109 824 1267 893 voluntas
1278 842 1455 917 repugnat.
1508 830 1734 898 Idololatriam
1755 836 1934 920 approbat,
1957 831 2045 900 delet
2059 849 2288 920 praeceptum:
2309 839 2387 903 Non
2410 862 2493 906 con·

475 912 544 977 Sed
567 923 642 976 oum
665 913 770 998 inquit
787 910 928 977 Paulus:
950 911 1130 978 Debitores
1153 933 1280 996 sumus,
1303 915 1458 1004 intelligit
1509 922 1677 1004 eupisees,
1699 919 1887 1007 Corrumpit
1908 934 2139 1007 praeceptum:
2162 923 2237 988 Non
2259 925 2493 993 moechaberis

474 1000 720 1078 necessitatem,
754 999 903 1063 ordinem
924 1020 945 1063 4
966 998 1041 1064 Deo
1064 1002 1239 1079 4444144444,
1272 1023 1338 1088 quo
1363 1024 1457 1070 crea·
1510 1016 1574 1069 444.
1597 1009 1770 1072 Sciendum
1794 1019 1846 1074 est
1866 1020 1977 1073 autent
1993 1011 2032 1090 Ι14
2054 1012 2193 1089 renatis,
2215 1031 2281 1075 non
2294 1024 2420 1078 tantum
2434 1035 2492 1079 ex·

474 1091 550 1149 torti
572 1087 723 1150 subiecta
746 1095 799 1149 est
821 1082 984 1164 Creatori,
1007 1106 1073 1172 quo
1097 1086 1168 1152 4414
1189 1085 1285 1154 Deus
1308 1091 1457 1155 immuta·
1510 1105 1635 1158 ternam
1659 1095 1879 1159 obedientiam
1902 1114 1990 1174 esse,
2015 1097 2074 1158 sed
2087 1098 2183 1161 etiam
2195 1096 2344 1163 inchoari
2356 1102 2494 1164 interio-

474 1167 594 1250 biliter,
616 1183 652 1236 nt
674 1181 707 1235 et
728 1167 846 1235 volens
868 1174 1076 1255 obtemperet
1098 1187 1251 1248 44444444
1272 1174 1458 1254 rationalis,
1508 1200 1579 1244 rem
1602 1182 1840 1256 obedientiam,
1874 1181 1952 1266 quia
1974 1182 2115 1265 Spiritus
2138 1185 2291 1248 accendit
2313 1187 2377 1250 iarn
2402 1184 2490 1251 44144

475 1267 508 1322 ct
540 1259 626 1321 sciat
647 1277 714 1322 non
736 1275 815 1322 esse
837 1255 1022 1324 laciendum
1045 1271 1162 1326 contra
1182 1257 1274 1327 illum
1296 1263 1456 1329 ordinem.
1509 1277 1628 1345 mutus,
1650 1266 1761 1417 qtpplis
1783 1267 1793 1330 i
1817 1288 1856 1330 „e
1877 1279 1942 1348 444,
1975 1270 2030 1355 qui
2052 1269 2183 1355 quidem
2205 1284 2283 1351 sunt
2305 1291 2493 1359 congruen-

1508 1365 1562 1419 tes
1583 1372 1659 1419 cum
1710 1373 1774 1418 ec
1829 1354 1870 1418 44.

559 1418 663 1494 llaec¹
681 1425 833 1514 relinquo
861 1430 1121 1496 considerationi
1143 1434 1272 1518 plorum
1295 1446 1328 1499 et
1349 1435 1457 1499 444411-
1640 1435 1646 1451 “
1730 1373 1753 1439 g
2140 1445 2144 1455 '

473 1524 604 1580 torum:
649 1514 782 1601 Sequar
811 1526 921 1582 autem
943 1517 1097 1583 usitatam
1120 1520 1389 1603 dispositionem,
1422 1524 1456 1586 in
1594 1523 1777 1612 Praecipue
1799 1537 1911 1591 autem
1933 1526 2188 1592 considerentur
2208 1549 2310 1613 opera
2321 1529 2493 1610 interiora,

407 1605 409 1614 '
473 1600 625 1666 doctrina
647 1602 690 1666 da
714 1603 811 1666 bonis
833 1604 1009 1688 operibus,
1039 1625 1102 1671 seu
1123 1607 1167 1672 de
1188 1627 1277 1674 4444
1300 1608 1456 1674 obedieu-
1508 1629 1594 1698 qutte
1627 1612 1669 1676 ad
1702 1613 1843 1698 primum
1877 1623 1911 1677 et
1943 1615 2125 1678 secundum
2149 1612 2368 1698 Praeceptum
2391 1618 2492 1699 perti·

472 1688 532 1767 tic‚
554 1684 731 1754 1444441444
753 1690 988 1775 quaestiones:
1411 1751 1419 1766 .
1509 1712 1605 1762 nent:
1650 1709 1687 1762 ut
1720 1699 1763 1763 ad
1786 1699 1925 1783 primum
1946 1697 2033 1763 14444
2053 1699 2236 1784 pertinent,
2259 1713 2338 1765 vcr'a
2362 1703 2491 1787 agnitio

1508 1781 1584 1864 Dei,
1606 1784 1639 1848 id
1663 1796 1726 1862 est,
1748 1804 1830 1848 vero
1852 1804 1996 1851 assensu
2018 1797 2051 1849 et
2072 1785 2168 1850 firma
2190 1784 2255 1850 11414
2265 1785 2417 1870 amplecti
2441 1799 2492 1853 to·

559 1858 584 1924 1.
609 1857 705 1931 Quae
728 1879 831 1944 opera
852 1860 920 1925 siut
942 1861 1095 1928 docendo
1116 1873 1150 1930 et
1171 1860 1334 1931 iacienda.
1479 1919 1482 1930 .
1508 1883 1573 1936 444
1596 1871 1779 1935 doctrinam
1802 1891 1822 1935 4
1844 1869 1919 1936 Deo
1941 1871 2111 1949 traditam,
2134 1891 2214 1936 vere
2237 1875 2376 1937 44441444
2400 1894 2491 1938 oom-

1507 1957 1756 2036 minationibus,
1789 1968 1824 2023 et
1901 1957 2076 2022 rterrebcri
2109 1958 2281 2044 agnitione
2308 1960 2379 2022 irae
2412 1957 2489 2025 Dei.

1508 2041 1638 2108 Rursus
1660 2045 1758 2108 etiam
1782 2064 1840 2109 ere
1863 2063 1921 2107 ere
1942 2045 2153 2130 promissioni
2178 2046 2325 2129 gratiae,
2348 2057 2382 2110 et
2404 2045 2489 2134 erigi

559 2131 613 2198 111,
636 2131 813 2207 Quomodo
834 2133 1001 2221 placeant,
1506 2129 1600 2208 Fide,
1623 2130 1655 2194 id
1678 2142 1741 2207 est,
1765 2127 1887 2208 fiducia
1908 2130 2120 2207 blediatoris,
2153 2143 2186 2194 et
2206 2126 2322 2195 laetati
2346 2133 2378 2195 in
2401 2130 2488 2197 1144.

1506 2215 1598 2279 Η444
1620 2215 1704 2278 114144
1726 2215 1936 2280 dilectionem
1958 2218 2057 2299 parit,
2085 2236 2152 2302 qua
2183 2215 2339 2281 volontas
2364 2220 2428 2282 iam
2451 2238 2490 2282 se

558 2271 625 2336 llll·
650 2272 763 2346 Quare
783 2268 936 2339 facienda
958 2273 1035 2339 siut.
1289 2319 1296 2330 ·
1506 2301 1638 2366 subiicit
1654 2301 1739 2380 Deo,
1761 2314 1795 2366 et
1817 2301 1918 2366 babet
1942 2303 2063 2366 bonum
2086 2306 2292 2386 propositum
2314 2303 2490 2368 obediendi

557 2407 601 2475 v·
647 2409 745 2483 Quod
774 2410 818 2475 sp
844 2412 1020 2478 &segmen
1040 2424 1267 2498 peecatorum,
1300 2434 1375 2479 cum
1396 2435 1453 2480 ng,
1505 2386 1593 2466 Deo,
1611 2389 1704 2452 iuxta
1726 2388 1835 2452 omnia
1855 2399 2045 2473 praecepta.
2090 2386 2296 2453 Coniunctae
2317 2403 2394 2453 sunt
2411 2409 2491 2454 cum

471 2516 570 2562 cesse
592 2496 637 2562 sit
658 2494 766 2575 fater-i,
800 2497 891 2582 quod
912 2499 947 2565 j„
968 2497 1035 2564 1120
1057 2500 1124 2565 vim
1145 2521 1266 2589 magn,
1288 2502 1355 2568 sint
1375 2521 1453 2587 pec,
1505 2473 1571 2539 fide
1604 2487 1638 2539 et
1670 2472 1794 2538 laetitia
1824 2473 1856 2537 in
1882 2474 1968 2551 Deo,
2001 2473 2089 2558 Spes
2117 2473 2352 2578 4411441444.-
2389 2473 2485 2554 item,

471 2594 546 2649 4444
566 2584 760 2648 iu'sauctis.
1506 2583 1581 2626 euro
1602 2559 1736 2625 Timore
1758 2559 1883 2624 etFide
1908 2562 2085 2625 coniuncta
2103 2570 2156 2623 est
2178 2573 2297 2638 virtus,
2319 2581 2405 2645 quae
2427 2581 2490 2625 no·

1505 2648 1647 2710 minatur
1669 2644 1856 2725 humilitas,
1891 2667 1975 2731 quae
2010 2660 2062 2712 est
2084 2648 2116 2710 in
2139 2647 2310 2730 agnitione
2332 2649 2490 2732 propriae

1506 2732 1704 2797 infirmitatis
1727 2753 1806 2796 4444
1829 2734 1944 2797 timere
1956 2731 2075 2810 Deum,
2099 2745 2131 2796 44
2154 2752 2382 2817 expavescere
2393 2735 2488 2818 agni·

1506 2820 1595 2883 tiooe
1625 2817 1781 2883 44441141
1817 2832 1933 2883 444444
1955 2831 2104 2902 peccata,
2138 2831 2172 2881 et
2194 2820 2315 2882 sordes
2337 2832 2488 2898 nostras,

686 2901 749 2971 DE
772 2903 914 2973 PRIMA
936 2907 1233 2983 QUAESTIONE.
1505 2917 1538 2969 et
1561 2917 1612 2969 est
1635 2925 1701 2969 non
1724 2925 1898 2987 erumpere
1919 2919 2014 2968 extra
2037 2905 2258 2983 vocationem,
2282 2915 2435 2969 ettamen
2454 2897 2500 2969 iu'

1505 2993 1693 3069 vocatione,
1728 2990 1849 3055 fiducia
1882 2987 1992 3055 auxilii
2027 2991 2125 3055 divini
2149 2993 2289 3068 servire,
2323 3005 2357 3056 44
2390 2992 2488 3057 lateri

499 3083 617 3188 Quae
649 3114 773 3198 opera
803 3087 885 3172 sing
914 3089 1101 3172 docenda
1131 3101 1175 3172 et
1209 3088 1422 3174 facienda?
1504 3079 1726 3163 praesentiam
1749 3087 1783 3142 et
1804 3074 1959 3142 auxilium
1981 3075 2064 3156 1141,
2087 3089 2119 3141 44
2141 3096 2209 3140 uon
2232 3078 2406 3160 despicere
2429 3087 2487 3142 444

1504 3183 1657 3248 premere
1678 3160 1781 3240 alios,
1816 3164 1877 3228 sed
1900 3161 2041 3249 singulis
2063 3183 2125 3226 suo
2146 3160 2224 3228 loco
2247 3161 2406 3228 honorem
2433 3166 2487 3228 tri·

1505 3252 1620 3327 bbere,
1641 3269 1704 3314 nee
1726 3246 1867 3314 fremere
1888 3251 2054 3315 adversus
2066 3248 2186 3326 Deum,
2209 3269 2284 3316 cum
2306 3253 2410 3335 punit.
2440 3250 2489 3315 144

553 3333 772 3424 Respondes.
817 3331 879 3404 1114
901 3357 987 3425 quae
1032 3349 1189 3425 raecepta
1211 3342 1343 3406 suntin
1366 3339 1452 3406 Ver·
1503 3334 1588 3402 baec
1610 3335 1716 3401 virtus
1738 3355 1780 3400 ex
1803 3333 1914 3401 multis
1938 3338 2122 3421 composita
2144 3347 2208 3400 est.

467 3424 512 3489 bo
533 3421 616 3501 Dei,
649 3447 690 3489 ac
712 3446 839 3490 summa
869 3361 1114 3508 compreiieosa
1136 3439 1189 3492 est
1206 3429 1240 3491 in
1262 3425 1450 3514 Decalogo,

467 3524 561 3575 recte
582 3509 765 3588 intellecto,
788 3513 875 3577 sicut
897 3509 1021 3576 Ezeeb.
1044 3514 1099 3578 20.
1123 3516 1257 3579 dicitur:
1298 3514 1334 3579 ln
1356 3534 1452 3599 prae·
1589 3507 1644 3572 Ad
1666 3508 1862 3591 primumet
1884 3508 2066 3571 secundnm
2088 3511 2487 3593 praeceptumpertinent,

466 3598 573 3680 ceptis
606 3599 690 3660 meis
725 3595 901 3661 ambulate.
946 3595 1027 3662 Vult
1060 3601 1145 3664 enim
1175 3598 1268 3665 Deus
1302 3616 1452 3664 normam
1504 3613 1585 3684 vera
1607 3595 1730 3678 agnitio
1753 3591 1829 3671 1141,
1864 3595 2170 3679 gratiarumactio,
2204 3592 2387 3673 confessio,
2410 3617 2486 3680 pro·

467 3693 592 3748 certam
616 3683 648 3746 in
672 3680 827 3747 Ecclesia
849 3683 1010 3767 conspici,
1033 3693 1066 3748 et
1088 3703 1221 3769 semper
1242 3688 1275 3751 ln
1286 3684 1450 3768 Ecclesia,
1503 3680 1639 3765 pagatie
1672 3680 1856 3742 doetrinae.
1901 3677 2089 3765 Diligenter
2112 3694 2219 3745 autem
2244 3683 2485 3767 cognoscenda

465 3770 543 3833 inde
566 3790 671 3854 nsque
694 3771 736 3833 ab
760 3769 851 3833 initio
875 3770 1007 3853 generis
1030 3768 1449 3837 hmnanidoctrinchca-
1503 3779 1557 3830 est
1589 3766 1754 3829 enarratio
1778 3763 1964 3851 Deculogi,
1997 3778 2033 3829 ut
2054 3762 2175 3850 ,aliquo
2210 3770 2308 3854 modo
2344 3769 2486 3853 cogitari

464 3852 532 3940 logi
556 3854 627 3920 suit.
650 3855 703 3919 Ac
725 3856 887 3920 tenendae
910 3871 985 3920 sunt
1009 3858 1206 3943 perspicuae
1229 3858 1450 3923 confirmatio·
1501 3852 1622 3936 possit,
1654 3848 1762 3936 qualis
1785 3850 1827 3914 sit
1850 3852 1986 3916 interior
2003 3853 2208 3930 obedientia,
2243 3867 2275 3917 et
2308 3874 2394 3938 qnae
2417 3853 2485 3918 sint

464 3963 538 4022 nes,
562 3952 679 4006 contra
701 3943 900 4007 Antinomos
923 3953 957 4010 et
974 3942 1233 4029 AnabaptistaS,
1261 3945 1317 4030 qui
1340 3941 1449 4008 deleta
1501 3939 1700 4022 praecipuae
1722 3937 1860 4001 virtutes
1884 3939 1973 4008 iuxta
1994 3936 2326 4024 singulapraeoepta‚
2350 3953 2380 4001 44
2394 3940 2485 4025 quod

463 4027 529 4093 hac
559 4049 693 4107 norma,
723 4031 913 4093 concedunt
941 4028 1104 4094 infinitam
1134 4027 1299 4094 licentiam
1330 4043 1448 4103 contra
1501 4026 1544 4087 sit
1566 4024 1744 4087 discrimen
1757 4020 1931 4089 Ecclesiae
1954 4037 1985 4087 et
2006 4028 2241 4107 praestantium
2256 4025 2483 4104 Etltnicornm,

463 4117 765 4180 vocemdivinatn:
789 4119 821 4180 ln
843 4117 1030 4199 praeceptis
1056 4118 1136 4180 meis
1155 4113 1333 4181 ambulate.
1357 4116 1449 4194 item,
1500 4123 1537 4176 ut
1557 4110 1670 4193 Scipio
1704 4121 1756 4173 est
1780 4110 1939 4173 ltonestus
1960 4112 2134 4194 princeps,
2168 4114 2303 4196 sopiens
2335 4109 2485 4190 serrator,

464 4202 726 4266 contradictum
749 4202 922 4267 lobannis:
946 4193 1331 4287 ἡᾰμαριίαισιὶνᾶνομία.
1369 4201 1447 4265 14444
1501 4211 1534 4260 44
1556 4197 1623 4258 dux
1646 4191 1743 4259 sortis
1765 4210 1797 4259 et
1821 4191 1932 4260 loelis.
1963 4195 2054 4260 liaeo
2078 4199 2186 4261 omnia
2210 4212 2285 4262 sunt
2311 4210 2343 4261 et
2365 4196 2482 4261 144114-

464 4299 581 4352 eontra
619 4290 760 4354 dictum:
805 4287 840 4351 Si
864 4282 915 4351 vi's
936 4289 1065 4373 ingredi
1087 4290 1120 4352 in
1144 4290 1244 4353 vitato
1267 4301 1449 4368 aeternam,
1501 4282 1587 4359 ride,
1610 4281 1670 4345 sed
1694 4283 1861 4347 accedunt
1883 4279 1965 4360 alia,
1987 4281 2096 4346 David
2121 4297 2173 4347 est
2192 4282 2387 4348 domicilium
2407 4283 2483 4362 Dei,

464 4375 751 4440 444444441444.
794 4377 887 4453 item,
911 4373 976 4438 l'er
997 4373 1111 4439 Fidem
1132 4372 1203 4439 Lex
1225 4371 1403 4439 stabilitur.
1500 4368 1554 4475 qui
1578 4368 1729 4433 accendit
1751 4369 1784 4432 in
1808 4390 1849 4434 eo
1871 4389 1993 4434 novam
2014 4367 2121 4432 locem
2146 4372 2261 4446 verbo,
2284 4368 2412 4434 scilicet
2426 4391 2484 4434 no·

1499 4456 1600 4519 4441444
1635 4476 1746 4520 veram
1780 4453 1855 4533 1141,
1888 4467 1921 4520 44
1952 4455 2181 4521 assensionem
2206 4456 2329 4540 Spiritu
2363 4468 2483 4520 saneto

549 4543 623 4611 Nec
645 4566 731 4631 opus
754 4558 805 4611 est
826 4544 928 4632 longa
951 4545 1187 4630 disputatione,
1210 4547 1287 4631 quia
1309 4542 1447 4613 manile·
1500 4541 1692 4618 confirmat,
1715 4542 1868 4607 accendit
1889 4543 2038 4606 timorem
2062 4541 2143 4618 Dei,
2175 4541 2290 4620 1141444,
2324 4541 2483 4606 laetitiam

462 4642 549 4697 stum
573 4644 625 4697 est
648 4634 814 4717 propriam
833 4653 951 4697 vocem
963 4630 1137 4698 Ecclesiae
1149 4653 1238 4712 esse,
1262 4635 1447 4698 doctrinam
1498 4630 1763 4712 acquiescentem
1787 4629 1818 4691 in
1845 4627 1929 4699 Deo,
1952 4649 2056 4713 spem,
2086 4650 2199 4692 444444
2222 4630 2480 4707 invocationem,

435 4760 437 4762 -
463 4720 505 4784 de
535 4719 757 4802 poenitentia,
789 4730 984 4805 arguentem
1012 4730 1168 4805 peccata,
1189 4720 1230 4783 ad
1255 4741 1355 4806 quam
1373 4741 1447 4804 par·
1498 4717 1687 4799 petitionem
1709 4712 1819 4779 auxilii
1843 4716 1875 4778 in
1900 4716 2051 4779 omnibus
2073 4712 2221 4799 praeliis,
2245 4728 2277 4779 et
2296 4713 2423 4801 reliqna
2439 4716 2483 4778 vi·

462 4818 528 4871 tem
552 4826 638 4890 opus
662 4816 714 4869 est
736 4826 821 4870 voce
845 4805 963 4894 Legis,
993 4807 1084 4872 iusta
1107 4807 1248 4871 dictum:
1296 4805 1361 4871 i'er
1382 4803 1447 4870 Le·
1499 4814 1543 4879 ta,
1566 4801 1746 4887 gratiarum
1759 4801 1933 4870 actionem,
1953 4799 2198 4867 consessionem
2222 4805 2480 4888 etpropagatio·

463 4913 538 4980 gem
561 4892 710 4978 cognitio
756 4893 873 4958 eccati.
920 4892 992 4958 Nec
1025 4893 1160 4959 dubium
1184 4904 1237 4957 est
1259 4913 1392 4975 semper
1413 4893 1446 4959 in
1498 4909 1573 4953 nem
1603 4887 1794 4965 doctrinae,
1828 4885 2060 4965 bumilitatem,
2089 4890 2288 4975 patientiam.
2334 4887 2375 4952 Et
2411 4900 2481 4953 tota

461 4999 544 5043 vera
566 4975 722 5043 Ecclesia
775 4981 804 5043 ei
838 4979 1003 5043 mansisse
1033 4999 1149 5045 vocem
1171 4977 1274 5066 Legis
1297 4980 1447 5045 ineorru·
1498 4973 1685 5039 obedientia
1719 4973 1856 5038 interior
1885 4986 1918 5038 et
1950 4977 2095 5039 exterior
2128 4978 2159 5039 in
2184 4974 2315 5039 Doride
2338 4973 2483 5039 refertur

460 5079 562 5151 ptam.
609 5064 707 5138 Quod
743 5067 875 5150 quidem
909 5078 942 5132 et
973 5063 1103 5132 illustre
1129 5067 1353 5130 testimonium
1381 5078 1447 5146 est,
1498 5056 1722 5147 principaliter
1744 5061 1785 5124 ad
1809 5058 1931 5137 Deum,
1955 5074 1987 5124 et
2009 5073 2044 5126 ut
2067 5064 2129 5146 ipsi
2152 5063 2303 5140 obediat,
2331 5072 2483 5144 praestet

460 5147 567 5218 solam
590 5148 778 5216 Ecclesiam
801 5171 879 5216 esse
901 5167 1032 5217 coetum
1049 5151 1120 5217 ileo
1139 5150 1337 5237 placentem.
1361 5152 1448 5225 Quia
1498 5150 1528 5212 ei
1551 5167 1651 5212 veros
1675 5144 1803 5226 cultus,
1833 5160 1866 5212 et
1898 5144 1952 5212 alii
1976 5147 2212 5212 confirmentur
2229 5150 2261 5211 in
2285 5167 2365 5211 4444
2389 5149 2480 5234 agni·

462 5241 557 5304 etiam
582 5240 667 5303 ratio
691 5234 850 5303 naturalis
872 5237 1026 5326 iutelligit
1047 5238 1255 5324 impossibile
1276 5257 1354 5305 esse
1376 5235 1447 5325 pla·
1497 5236 1587 5299 tione
1609 5232 1685 5311 Dei,
1710 5233 1860 5300 4441441
1886 5255 1961 5298 cum
1983 5236 2056 5320 ipso
2069 5232 2143 5300 Deo
2167 5237 2292 5320 gratias
2315 5247 2431 5319 agant,
2448 5241 2481 5297 et

461 5325 639 5404 444-41144,
662 5339 791 5391 sectam
812 5327 1009 5411 probantem
1032 5323 1144 5412 aliqua
1166 5341 1306 5410 peecata
1329 5340 1447 5392 contra
1498 5318 1681 5386 confirmati
1705 5317 1865 5406 exemplis
1888 5320 2120 5388 liberationum
2142 5321 2301 5402 114νί4114,
2321 5321 2480 5388 invocent

461 5408 588 5499 Legem
611 5410 688 5492 Dei,
721 5414 808 5479 sicut
831 5409 962 5479 Etbnici
984 5416 1253 5562 approbaverunt
1277 5410 1446 5478 conlusio·
1497 5419 1530 5473 et
1552 5408 1616 5494 ipsi
1636 5408 1818 5474 ardentius.

460 5515 522 5563 nes
543 5496 735 5581 libidinum,
757 5500 932 5566 ltomieidia
954 5503 986 5565 in
1025 5500 1098 5566 udis
1144 5496 1326 5566 ladiatoriis
1369 5500 1446 5564 item

461 5580 673 5653 manifestam
695 5583 933 5654 idololatriam:
956 5587 1045 5653 sicut
1066 5597 1099 5654 et
1120 5521 1213 5674 laps
1234 5546 1446 5654 4441444444

559 1994 599 2060 11.
618 1994 796 2068 Quomodo
819 1996 891 2062 11441
912 2000 1054 2083 possint.
