5892 6709
443 596 513 665 639

444 792 533 857 dunt.
577 787 707 853 indocti
729 786 793 852 etsi
815 796 894 870 suut
915 786 1013 853 nobis
1035 782 1165 866 infesti,
1198 798 1309 852 tamen
1331 785 1431 871 perti-

1082 594 1196 664 rum.
1217 595 1323 664 nter.
1345 595 1534 664 666666
1555 593 1838 663 nonnanes.

2405 596 2477 665 eto

1484 786 1603 850 cietate
1624 797 1659 850 et
1680 785 1922 853 consuetudine
1943 788 2024 854 boui
2045 788 2167 867 suant,
2189 797 2222 853 θ*
2241 785 2475 941 1186103615

2389 898 2400 940 ι
2462 921 2474 941 .

442 876 543 942 66616
574 886 609 940 et
642 874 719 939 odio
751 883 928 973 pugnant,
961 892 1030 940 non
1061 885 1211 976 pugnant
1242 875 1429 939 autoritate.
1482 890 1543 937 ves
1577 891 1703 957 poenas
1736 873 1900 940 amicitiae
1937 886 1972 939 et
2003 875 2247 940 coniunctionis
2281 893 2358 940 cum
2478 919 2482 925 -

443 964 530 1030 istae
552 959 834 1028 Haemorrhoides
855 967 992 1045 propter
1019 960 1190 1025 doctrinae
1212 961 1431 1045 oppugnatio-
1480 955 1639 1022 Psalrnus
1672 959 1776 1044 lnquit
1797 961 1840 1024 de
1860 958 1927 1025 hoc
1949 980 2093 1048 generet
2136 958 2245 1026 induit
2265 957 2475 1028 maledictio-

443 1068 532 1129 nem,
553 1056 691 1133 propter
712 1043 939 1130 sophismata,
963 1055 1008 1125 et,
1029 1058 1065 1111 ut
1086 1041 1335 1123 vocatPaulus,
1353 1065 1430 1129 pro·

443 1145 519 1221 pter
540 1135 687 1219 speciem
708 1132 902 1217 sapientiae,
924 1142 1003 1196 sont
1024 1134 1057 1195 in
1089 1132 1323 1210 admiratione,
1350 1131 1430 1195 inci·

443 1231 517 1286 tant
548 1222 678 1285 animos
711 1228 881 1304 potentum
908 1218 952 1282 ad
974 1218 1223 1303 opprimendam
1245 1219 1429 1283 veritatem.

443 1306 519 1372 Hoc
540 1325 670 1371 veneno
692 1304 830 1369 accensi
850 1304 1032 1388 principes,
1055 1302 1206 1368 llammas
1228 1305 1295 1369 odii
1317 1304 1428 1369 conci·

443 1393 550 1477 piant,
571 1390 652 1457 fiunt
674 1390 801 1455 cruenti
824 1400 857 1454 et
877 1386 1027 1454 lurenter
1050 1385 1216 1454 crudeles.
1244 1390 1312 1454 Sed
1334 1387 1430 1454 Chri·

444 1489 519 1543 stus
553 1498 620 1543 uon
653 1478 740 1540 sinet
774 1474 869 1540 obrui
889 1472 1000 1541 lucem
1022 1473 1208 1562 Evangelii,
1236 1476 1323 1540 sicut
1344 1478 1429 1541 scri·

443 1576 535 1648 ptum
557 1576 626 1628 estt
649 1562 748 1635 Quod
769 1570 823 1627 est
844 1581 887 1626 ex
907 1559 995 1641 Deo,
1017 1581 1085 1627 666
1107 1557 1303 1625 abolebitur.
1348 1558 1430 1625 Pro·

442 1650 520 1716 inde
541 1646 714 1728 Ecclesia,
737 1649 770 1711 16
793 1668 859 1734 qua
880 1645 971 1713 lucet
992 1666 1074 1712 vera
1096 1648 1263 1726 doctrina,
1297 1649 1430 1712 tandem

442 1733 511 1803 illis
533 1734 854 1801 Haemorrhoidibus
887 1736 1003 1819 spinas
1037 1745 1175 1799 exteret.
1219 1732 1295 1797 Non
1318 1734 1429 1818 oppri-

442 1832 534 1889 ment
555 1822 727 1887 vetitatem
748 1817 952 1906 sophisticae
972 1816 1050 1884 illae
1072 1820 1375 1905 interpretationes,
1394 1829 1429 1884 et

353 1960 358 1968 .
443 1918 556 1975 astuta
577 1918 612 1972 et
633 1904 783 1973 coadulta
804 1905 945 1971 consilia
965 1906 1150 1990 impiorum.

1481 1063 1557 1108 nent
1589 1046 1677 1110 sicut
1708 1045 1964 1126 vestimentum,
1997 1059 2030 1111 et
2061 1047 2197 1111 intravit
2217 1047 2304 1112 sicut
2323 1068 2415 1133 aqua
2435 1048 2475 1114 16

1481 1130 1639 1196 interiora
1661 1132 1745 1209 eius,
1778 1143 1811 1196 et
1833 1132 1919 1197 sicut
1941 1129 2051 1198 oleum
2072 1134 2106 1197 16
2130 1151 2212 1198 ossa
2234 1134 2315 1199 eius.
2361 1134 2474 1202 Huius

1481 1213 1721 1283 maledictionis
1755 1220 1947 1307 contagium
1979 1229 2080 1284 nocet
2112 1219 2268 1299 caeteris,
2299 1220 2356 1305 qui
2390 1231 2476 1288 sunt

1483 1304 1651 1368 coniuncti
1674 1324 1749 1368 cum
1768 1300 1847 1384 illis,
1868 1305 1924 1389 661
1945 1317 1980 1371 et
2002 1306 2177 1371 veritatem
2191 1316 2414 1391 oppugnant,
2436 1318 2475 1373 et

1482 1401 1640 1455 exercent
1661 1389 1890 1455 saevitiamin
1911 1392 1998 1475 pios.
2020 1389 2098 1457 Non
2118 1391 2221 1477 igitur:
2241 1392 2474 1459 existimemus

1482 1495 1596 1559 parunt
1630 1475 1786 1540 momenti
1819 1475 1944 1542 habere
1975 1476 2044 1541 hoc
2074 1478 2283 1543 mandatum:
2327 1477 2363 1542 Si
2392 1480 2473 1568 quis

1482 1558 1570 1625 aliud
1587 1558 1807 1648 Evangelium
1828 1562 1991 1642 docuerit,
2014 1561 2192 1627 anathema
2213 1564 2268 1629 sit.
2289 1563 2366 1628 Non
2389 1576 2474 1631 sunt

1480 1646 1651 1731 Episcopi,
1684 1668 1752 1712 nou
1773 1658 1853 1714 suut
1873 1646 2049 1715 Ecclesiae
2070 1650 2231 1729 membra,
2263 1650 2325 1715 sed
2347 1649 2473 1717 hostes

1481 1733 1616 1812 Christi,
1640 1736 1696 1818 661
1718 1753 1792 1800 666
1813 1731 1909 1799 soriis
1931 1737 2114 1821 agitentur,
2137 1755 2204 1800 666
2227 1736 2270 1800 66
2291 1733 2473 1803 Ecclesiae

1481 1821 1663 1885 concordia
1684 1830 1718 1885 et
1739 1840 1824 1905 pace
1846 1822 2008 1909 cogitant,
2039 1822 2101 1886 sed
2124 1823 2167 1887 66
2188 1819 2379 1907 Tyrannide
2401 1835 2475 1889 ste·

1479 1903 1636 1984 bilienda,
1649 1925 1726 1970 666
1749 1907 1884 1972 student
1905 1903 2305 1986 sanareEcelesias,'sed
2327 1906 2474 1980 661166·

1479 2002 1533 2058 tur
1555 1989 1644 2056 bella
1666 1990 1787 2072 civilia,
1807 1995 2000 2059 vastitatem
2020 1991 2267 2073 Ecclesiamm,
2286 1997 2473 2080 parricidis

529 2077 628 2152 Quod
649 2098 731 2144 vero
775 2077 879 2142 assim
895 2077 998 2163 aliqui
1010 2077 1118 2161 cupidi
1128 2078 1204 2163 piae
1215 2078 1426 2155 concordiae,
1478 2080 1607 2163 piorum
1628 2081 1842 2160 sacerdotum
1862 2091 1898 2146 et
1918 2082 2047 2166 piarum
2067 2078 2250 2146 mulierum.

442 2174 621 2250 expectant
640 2162 739 2229 Ponti
763 2184 839 2229 cum
861 2161 1036 2249 Synodos,
1068 2174 1102 2228 et
1123 2174 1263 2248 sperant
1278 2164 1341 2228 has
1362 2160 1427 2227 Ec·
1878 2209 1901 2250 2..

442 2249 565 2318 clesiae
586 2250 809 2317 medicaturus
831 2269 920 2328 esse,
941 2262 999 2314 aut
1020 2250 1101 2313 vitia
1123 2262 1330 2328 correctura,
1354 2247 1427 2313 lon·
1566 2247 1711 2315 Proinde
1731 2271 1800 2315 non
1821 2251 2030 2336 expectanda
2051 2265 2104 2325 est
2124 2252 2169 2317 ab
2190 2248 2257 2317 illis
2278 2253 2472 2319 emendatio

442 2359 485 2425 ge
507 2334 677 2402 falluntur.
723 2336 903 2421 Nunquam
927 2337 1015 2400 euim
1036 2334 1232 2412 Pontifices,
1256 2347 1289 2399 et
1312 2355 1428 2400 eorum
1478 2332 1717 2415 Ecclesiarum,
1751 2337 1813 2401 666
1834 2340 1945 2422 potius
1968 2339 2194 2423 cogitandum,
2226 2348 2262 2404 ut
2284 2341 2472 2420 sententia,
2558 2354 2562 2358 “

442 2424 608 2489 coniurati
630 2419 803 2487 Satellites
836 2422 990 2486 desinent
1016 2418 1138 2486 bellum
1161 2442 1279 2507 gerere
1310 2419 1428 2485 adver·
1479 2423 1588 2486 animo
1610 2434 1645 2486 et
1667 2419 1839 2488 voluntate
1860 2426 2002 2510 quisque
2023 2445 2063 2488 se
2083 2427 2126 2490 ab
2149 2421 2215 2488 illis
2228 2428 2396 2511 seiungat,
2418 2423 2472 2492 fu·

442 2530 501 2575 sus
524 2507 711 2588 Christum,
733 2507 822 2595 6666
843 2519 881 2574 ut
900 2509 948 2572 ita
970 2508 1176 2587 existimem,
1198 2526 1338 2573 moveor
1360 2527 1428 2572 non
1480 2508 1548 2594 giat
1570 2528 1685 2572 eorum
1696 2508 1927 2589 6661666666,
1948 2530 2017 2575 non
2034 2511 2153 2576 ’666161
2175 2512 2329 2577 convicia
2346 2523 2474 2578 contra

344 2651 348 2658 .
442 2607 568 2660 tantum
601 2593 755 2660 humanis
790 2595 1008 2673 coniecturis,
1042 2614 1133 2678 quac
1160 2591 1284 2658 multae
1305 2604 1340 2657 et
1361 2613 1428 2657 666
1481 2615 1595 2659 veram
1617 2595 1824 2674 doctrinam,
1856 2615 1924 2660 non
1946 2597 2096 2675 adiuvet,
2117 2618 2184 2661 non
2207 2600 2371 2681 approbet
2393 2595 2473 2663 illo·

440 2679 536 2747 leves
559 2692 650 2758 sunt,
671 2678 797 2745 Christi
819 2680 916 2743 dictis
938 2699 1095 2759 moveor,
1125 2679 1244 2744 deiude
1267 2676 1428 2761 exemplis
1479 2702 1551 2744 rum
1575 2677 1727 2759 consilia,
1748 2704 1816 2746 non
1839 2681 2012 2747 confirmet
2034 2703 2148 2747 eorum
2193 2685 2360 2747 otentiam.
2406 2683 2475 2749 Fu·

441 2767 586 2833 omuium
607 2777 761 2831 aetatum.
805 2764 892 2831 Nam
914 2764 1068 2832 Christus
1089 2776 1191 2852 negat
1213 2762 1427 2849 blasphemos
1480 2767 1548 2851 gite
1571 2764 1815 2846 idololatriam,
1849 2767 1954 2853 inquit
1976 2767 2112 2833 Paulus.
2188 2789 2251 2833 aec
2282 2782 2476 2857 praecepta

440 2853 571 2931 sanari,
627 2853 659 2915 ui
694 2862 812 2916 contra
834 2853 1072 2917 conscientiam
1093 2863 1288 2938 oppugnant
1309 2851 1429 2915 verita·
1479 2873 1547 2917 non
1569 2866 1647 2917 sunt
1668 2851 1756 2917 levia
1774 2855 1936 2918 ducenda.
1964 2854 2058 2920 Vera
2079 2855 2179 2940 igitur
2199 2853 2354 2921 Ecclesia
2366 2877 2477 2942 quae·

441 2950 522 3018 tem,
555 2872 1428 3021 661166666166611666661661666666,66616666
1480 2951 1585 3018 ratur,
1608 2940 1753 3003 sciamus
1775 2941 1808 3004 16
1833 2940 1895 3005 666
1917 2941 2065 3005 exaudiri
2111 2960 2219 3017 reces,
2241 2943 2276 3005 16
2296 2940 2362 3005 666
2383 2944 2477 3008 6616·

442 3044 563 3100 cruore
580 3043 619 3087 se
641 3034 886 3108 resperserunt.
918 3024 1027 3089 Furor
1048 3020 1275 3107 blasphemias
1298 3038 1332 3088 et
1352 3043 1427 3106 par·
1479 3044 1553 3087 mus
1577 3044 1655 3089 esse
1677 3022 1802 3089 Christi
1823 3028 1991 3105 membra,
2023 3028 2067 3092 ad
2087 2962 2178 3091 hanc
2199 3028 2345 3091 sciamus
2367 3031 2478 3114 perti·

440 3111 557 3177 ricidia
578 3110 666 3175 haud
690 3112 789 3177 dubie
818 3111 1011 3188 comitatur,
1044 3111 1132 3175 sicut
1152 3109 1311 3175 historiae
1335 3107 1428 3184 Cain,
1479 3130 1560 3175 nere
1592 3111 1832 3195 promissiones
1853 3110 2040 3199 Evangelii.
2084 3112 2161 3178 Non
2193 3115 2357 3197 pertinent
2392 3135 2477 3199 pro·

441 3195 643 3276 Pharaonis,
665 3195 759 3276 Saul,
781 3194 895 3282 populi
916 3196 1040 3261 ludaici
1061 3207 1236 3263 testantur.
1279 3193 1428 3259 EtDeus
1479 3197 1657 3261 missiones
1679 3197 1722 3261 ad
1743 3198 1859 3263 hostes
1881 3196 2067 3285 Evangelii,
2090 3200 2177 3265 sicut
2199 3220 2264 3265 nec
2286 3202 2329 3265 66
2351 3200 2477 3267 ludae-

440 3284 584 3349 miuatur
618 3283 813 3348 caecitatem
837 3280 1058 3368 blasphemis,
1088 3284 1176 3347 sicut
1196 3279 1352 3347 Psalnrus
1380 3282 1448 3345 in··
1481 3281 2477 3437 66,66666616666611666666616661,6666661666·

442 3370 529 3455 quit:
552 3367 785 3435 Obscurentur
803 3366 891 3434 oculi
913 3390 1039 3435 eorum.
1062 3368 1178 3455 ltaque
1199 3380 1325 3455 augent
1347 3387 1429 3453 quo-
1471 3379 1535 3435 -tur
1560 3368 1678 3448 Deus,
1711 3381 1744 3434 et
1766 3369 1864 3435 Psal:
1883 3370 1934 3436 16.
1968 3373 2073 3457 inquit
2105 3369 2259 3436 Pontifex
2321 3373 2475 3440 hristus:

441 3457 521 3520 tidie
543 3473 605 3539 sup
628 3452 718 3536 licia,
741 3452 893 3541 obligant
914 3456 978 3521 sibi
998 3456 1165 3540 principes
1187 3456 1295 3541 impiis
1316 3451 1429 3520 foede·
1481 3456 1557 3519 Non
1590 3454 1727 3521 offeram
1760 3476 1876 3521 cortun
1896 3453 2093 3537 libationes,
2121 3478 2185 3523 nec
2207 3456 2327 3524 faciam
2347 3481 2476 3526 eorum

440 3542 544 3607 ribus.
593 3478 666 3606 1166
698 3552 825 3606 tantum
857 3539 967 3625 palam
1000 3554 1215 3627 grassantur,
1247 3541 1310 3606 sed
1344 3538 1430 3605 clam
1480 3544 1679 3607 mentionem
1711 3540 1809 3609 labiis
1843 3544 1937 3609 meis.
1998 3543 2106 3618 Quem
2140 3543 2226 3608 6666
2258 3557 2325 3609 tarn
2359 3548 2474 3613 tristis

441 3638 578 3702 struunt
603 3626 741 3692 insidias
773 3629 864 3691 vitae
895 3628 1027 3711 piorum
1058 3628 1253 3712 principum.
1296 3626 1351 3690 An
1373 3647 1429 3691 ex·
1481 3630 1690 3693 comminatio
1722 3649 1791 3693 non
1818 3642 1963 3707 moveat,
1996 3642 2033 3695 ut
2066 3628 2171 3715 lugiet
2194 3642 2325 3696 coetum
2346 3633 2474 3698 adver-

441 3712 657 3778 istimandum
679 3724 742 3790 est,
773 3711 838 3776 hos
860 3714 1033 3778 moderata
1054 3723 1111 3777 aut
1131 3714 1187 3798 pia
1208 3711 1350 3777 consilia
1370 3713 1429 3776 ad·
1481 3728 1612 3778 sautem
1644 3734 1746 3778 verae
1777 3714 1974 3781 Ecclesiae?
2025 3715 2181 3802 Denique
2212 3713 2312 3802 plena
2343 3731 2402 3783 est
2435 3719 2476 3784 16

440 3800 606 3865 missuros
636 3798 738 3865 esse?
780 3796 825 3864 Et
856 3798 1034 3884 aliquoties
1066 3801 1132 3863 iam
1164 3800 1292 3883 experti
1314 3817 1429 3862 sumus
1480 3810 1655 3885 utramque
1677 3812 1811 3884 partem
1828 3805 1996 3888 scriptura
2017 3804 2129 3868 divina
2151 3802 2273 3869 talibus
2296 3806 2475 3870 concioni·
2491 3832 2505 3839 ·

439 3882 554 3971 pleros
581 3905 632 3965 ue,
654 3886 712 3970 qui
733 3882 931 3951 simularunt
950 3886 1229 3964 moderationem,
1261 3894 1370 3948 tamen
1392 3904 1429 3949 re
1480 3887 1556 3965 bus,
1601 3906 1665 3951 uae
1692 3887 1805 3951 iubent
1835 3884 1952 3975 sugere
1973 3886 2089 3954 hostes
2112 3911 2215 3955 verae
2237 3892 2414 3956 doctrinae
2436 3903 2475 3957 et

439 3972 517 4057 ipsa
536 3908 618 4036 nllril
640 3971 767 4057 egisse,
794 3972 860 4036 nisi
880 3981 916 4036 ut
937 3990 1001 4037 nos
1024 3972 1170 4035 irretitos
1192 3972 1427 4055 opprimerent,
1479 3994 1581 4037 verae
1623 3969 1779 4051 cclesiae,
1803 3993 1844 4040 66
1866 3972 2020 4059 amplecti
2032 3995 2144 4040 veram
2156 3977 2354 4054 doctrinam,
2377 3998 2475 4043 aroa-

440 4080 483 4124 ac
516 4067 623 4123 totum
657 4058 829 4122 doctrinae
861 4077 969 4144 genus
991 4055 1153 4123 delerant.
1197 4056 1277 4123 Scio
1300 4076 1427 4141 paucos
1479 4080 1529 4139 re,
1551 4062 1677 4143 iuvare,
1695 4079 1815 4125 ornare
1838 4082 1950 4126 veram
1972 4059 2170 4127 Ecclesiam.

380 4194 384 4200 ,
441 4146 604 4232 quosdam
637 4163 715 4208 esse
747 4145 902 4208 saniores
934 4144 969 4208 in
990 4143 1134 4209 hostium
1157 4141 1337 4229 Collegiis,
1368 4144 1427 4228 qui

439 4228 617 4314 deplorant
637 4240 810 4314 potentum
828 4230 1056 4313 pertinaciam,
1078 4231 1140 4295 sed
1161 4229 1280 4294 horum
1296 4241 1428 4294 senten·

439 4318 505 4388 tiae
534 4314 758 4401 exploduntur
780 4326 935 4400 tanquam
958 4313 1193 4382 scholasticae.
1237 4315 1331 4380 Haec
1352 4335 1427 4379 cum
1479 4337 1518 4383 se
1539 4314 1738 4382 Ecclesiam.
1783 4318 1845 4383 Hic
1879 4320 1996 4385 coetus
2027 4332 2080 4385 est
2112 4341 2194 4386 vera
2226 4317 2402 4399 Ecclesia,
2433 4323 2473 4387 in

435 4404 486 4467 ita
507 4403 585 4480 sint,
602 4404 678 4486 piae
698 4402 818 4467 mentis
841 4412 904 4480 cst,
933 4413 967 4467 et
988 4402 1167 4489 cogitantis
1190 4402 1232 4465 de
1253 4421 1316 4467 sua
1338 4398 1426 4465 salu·
1453 4448 1459 4459 ·
1479 4426 1546 4491 qua
1566 4402 1657 4470 lucet
1678 4425 1763 4489 pura
1772 4404 1948 4493 Evangelii
1971 4407 2133 4487 doctrina,
2156 4409 2189 4471 16
2213 4428 2278 4493 666
2300 4416 2395 4473 reete
2409 4409 2473 4473 ad·

439 4501 484 4571 te,
507 4488 550 4553 de
573 4487 681 4573 gloria
704 4486 845 4566 Christi,
880 4507 1042 4573 quaerere
1073 4508 1160 4573 quae
1194 4489 1237 4552 sit
1259 4508 1340 4553 vera
1362 4487 1425 4551 Ec·
1448 4493 1457 4533 ¹
1477 4492 1703 4556 ministrantur
1734 4493 1950 4558 Sacramenta
1982 4494 2136 4558 divinitus
2169 4495 2301 4571 tradita,
2332 4491 2372 4556 16
2407 4493 2474 4559 tali

440 4572 554 4649 clesia‚
576 4586 614 4640 ut
634 4573 712 4640 huic
734 4595 773 4639 se
795 4576 966 4660 adiungat,
987 4585 1024 4639 ut
1044 4571 1142 4639 huius
1155 4584 1284 4653 coetus,
1307 4585 1426 4661 etgre-
1478 4590 1577 4644 coetu
1598 4597 1739 4642 necesse
1761 4589 1814 4643 est
1835 4576 1879 4643 ali
1903 4600 1948 4644 66
1968 4599 2046 4644 6666
2063 4581 2142 4646 viva
2163 4579 2338 4645 Ecclesiae
2361 4599 2473 4646 ruem·

439 4661 493 4749 gis
517 4659 641 4728 Christi
662 4682 743 4745 pars
765 4661 820 4741 sit,
843 4661 931 4727 sicut
951 4662 1057 4746 inquit
1078 4659 1249 4726 Christus:
1271 4659 1336 4733 Qui
1357 4681 1425 4725 uon
1478 4667 1550 4743 bra,
1573 4683 1658 4749 quae
1680 4675 1851 4749 praestant
1906 4687 1947 4730 eo
1975 4683 2075 4731 veros
2099 4663 2222 4745 cultus,
2256 4676 2361 4752 agunt
2385 4687 2472 4751 poe·

439 4758 493 4814 est
514 4767 656 4828 mecum,
678 4758 796 4816 contra
817 4767 871 4812 me
894 4758 957 4813 est.
978 4745 1109 4813 Deinde
1130 4749 1217 4813 sciat
1238 4743 1425 4812 Ecclesiam
1476 4752 1657 4830 nitentium,
1679 4752 1835 4815 invocant
1858 4751 1967 4817 Deum
1988 4772 2071 4818 vera
2093 4751 2170 4831 1166,
2193 4751 2372 4818 conserunt
2395 4765 2472 4819 stu·

437 4854 648 4921 nequaquam
670 4853 747 4899 esse
769 4830 947 4922 Tyrannos
975 4846 1010 4900 et
1029 4846 1266 4920 persecutores
1289 4831 1424 4911 Christi,
1477 4836 1578 4917 diurn,
1600 4848 1634 4901 et
1655 4857 1790 4922 operam
1812 4839 1855 4903 66
1868 4837 2040 4923 Evangelii
2052 4841 2336 4925 propagationem,
2350 4850 2472 4905 osten·

1564 4230 1637 4295 Neo
1660 4234 1844 4318 cogitemus
1865 4244 1992 4298 tantum
2004 4231 2210 4300 Platonicam
2233 4235 2403 4299 civitatem
2414 4255 2473 4300 es·
2572 4272 2576 4278 ·

438 4932 472 4987 et
494 4939 566 5001 eos,
588 4921 645 5008 661
662 4920 833 4986 saevitiam
855 4920 911 4987 vel
931 4922 1105 5000 adiuvant,
1129 4918 1184 4987 vel
1194 4921 1425 5006 comprobant.
1477 4925 1557 4989 dunt
1580 4945 1675 4988 suam
1697 4924 1960 5003 confessionem,
1982 4926 2132 4991 serviunt
2156 4926 2336 5003 vocationi,
2373 4926 2471 4991 deni·
2561 4947 2569 4964 ·

438 5005 471 5074 D
522 5006 576 5074 his
605 5017 778 5072 teneamus
800 5005 965 5094 Regulam
993 5011 1211 5074 certissimam
1231 5005 1345 5072 Pauli:
1388 5007 1424 5071 Si
1476 5031 1542 5097 que
1562 5021 1736 5095 praestant
1755 5012 1809 5096 616
1827 5009 1940 5076 officia
1959 5032 1981 5076 a
2002 5010 2076 5076 Deo
2099 5013 2270 5090 mandata,
2302 5031 2471 5078 exercen-

437 5113 513 5181 quts
536 5092 627 5160 aliud
647 5090 868 5178 Evangelium
890 5095 1055 5174 docuerit,
1084 5096 1261 5160 anathema
1283 5096 1337 5159 sit.
1382 5091 1425 5158 Et
1476 5109 1531 5182 tur
1552 5093 1707 5181 periculis
1726 5098 1832 5162 omnis
1855 5099 2000 5184 generis,
2031 5098 2066 5163 in
2089 5100 2210 5183 quibus
2232 5109 2395 5164 exercent
2418 5100 2472 5165 iu·

438 5201 513 5246 cum
534 5182 592 5260 ait,
614 5178 794 5246 anathema
816 5179 871 5259 sit,
892 5201 961 5245 non
982 5182 1208 5247 existimemus
1231 5200 1329 5246 usum
1347 5199 1423 5245 esse
1476 5186 1685 5248 vocationem
1704 5197 1737 5248 et
1758 5181 1826 5248 6116
1848 5186 1938 5249 6666
1960 5204 2079 5269 opera:
2109 5184 2202 5250 Hanc
2225 5183 2358 5249 affirmo
2383 5206 2471 5252 esse

435 5263 505 5334 levi
528 5278 586 5333 aut
604 5264 735 5352 vulgari
756 5263 947 5346 maledicto,
960 5266 1045 5334 Cum
1065 5270 1214 5334 nominat
1234 5268 1422 5345 anathema,
1477 5289 1590 5334 veram
1612 5268 1812 5350 Ecclesiam,
1825 5292 1989 5356 cumqua
2011 5282 2142 5355 oportet
2164 5276 2238 5353 pios
2260 5271 2385 5356 ubique
2398 5284 2471 5338 ter·

436 5354 604 5440 siguificat
623 5351 735 5420 Deum
768 5373 811 5418 ex
832 5350 988 5420 Ecclesia
1019 5355 1167 5421 eiecisse.
1180 5355 1298 5420 hostes
1319 5373 1423 5420 verae
1475 5376 1588 5420 rarum
1610 5358 1808 5421 coniunctos
1831 5376 1907 5421 esse
1930 5361 2105 5435 sententia,
2130 5354 2301 5422 voluntate
2324 5369 2358 5422 et
2384 5380 2470 5424 con-

437 5440 611 5506 doctrinac
625 5478 628 5484 ·
643 5459 770 5527 eosque
801 5435 980 5525 fugiendos
1012 5460 1107 5520 esse,
1139 5453 1297 5527 tanquam
1331 5442 1422 5507 diras
1473 5438 1629 5508 sessione.
1674 5443 1727 5507 Ac
1759 5441 1845 5508 tales
1878 5463 1958 5509 esse
1979 5445 2086 5509 sentio
2108 5443 2172 5510 Dei
2197 5443 2371 5523 beneficio,
2404 5466 2470 5512 66-

436 5536 564 5612 pestes,
581 5546 666 5613 quas
688 5527 785 5602 Deus
807 5537 995 5594 execratur.
1037 5525 1148 5593 Pollui
1168 5525 1349 5595 seherum
1365 5547 1421 5594 so·
1473 5540 1565 5595 stras
1584 5526 1775 5610 Ecclesiae,
1809 5550 1896 5616 quae
1928 5529 2125 5615 profitentur
2145 5552 2262 5617 puram
2284 5526 2470 5620 Evangelii
