5892 6709
463 627 525 694 rar
856 621 859 628 “
1093 625 1213 700 runt..¹
1230 625 1334 694 urar.
1352 625 1543 696 susurra
1557 627 1839 698 nonnarum.
1894 697 1898 714 ,
2169 617 2174 630 “
2315 697 2321 704 ,
2408 629 2487 700 tue

461 815 668 882 munientia
688 829 880 902 agnoscens
901 823 1042 964 peecata
1063 833 1137 894 sua,
1160 833 1227 879 non
1249 816 1350 881 audet
1364 833 1439 899 spa-
1575 813 1678 879 Vlll..
1694 814 1851 902 Pugnant
1871 813 1948 882 cum
1968 815 2035 880 boc
2055 826 2237 900 praecepto
2259 827 2293 882 et
2314 815 2471 902 blaspbe-

459 921 537 968 rare
559 911 594 966 et
614 911 728 985 petere
750 902 839 967 bona
859 920 881 965 a
935 921 987 966 eo.
1031 900 1109 967 ldeo
1139 919 1280 967 neeesse
1302 915 1355 966 est
1376 903 1440 966 sci·
1461 905 1464 922 '
1489 901 1588 979 miae,
1611 898 1786 966 maledicta
1806 903 1969 968 adversus
1992 900 2120 980 Deum,
2154 921 2239 1050 guae
2261 913 2340 967 sunt
2361 902 2467 982 varia,

336 987 339 992 ’
460 1005 518 1066 re,
551 989 641 1071 qnod
675 999 811 1072 propter
833 984 1001 1050 Christum
1022 987 1124 1051 Pater
1155 988 1201 1050 sit
1221 987 1384 1071 propitius
1406 998 1439 1052 et
1488 997 1527 1051 ut
1548 1005 1721 1052 sermones
1742 984 2062 1072 Epicureifflulbus
2094 986 2184 1069 impi
2215 998 2250 1053 et
2280 989 2394 1054 securi
2416 1008 2471 1054 su·

460 1073 617 1160 ignoscat
637 1074 747 1151 nobis,
770 1072 860 1156 quod
881 1083 1018 1155 propter
1041 1073 1148 1154 ipsum
1170 1085 1261 1136 certo
1284 1074 1438 1138 exaudia·
1489 1074 1594 1156 perbc
1614 1072 1765 1136 derident
1785 1070 1906 1150 Deum,
1930 1085 1964 1137 et
1985 1073 2132 1136 iudicant
2151 1069 2371 1158 Evangelium
2392 1093 2475 1140 esse

460 1179 547 1237 rnur,
568 1168 602 1222 et
622 1158 712 1244 quod
733 1158 806 1242 ipse
828 1158 871 1220 sit
893 1154 1059 1240 pontifex,
1092 1159 1147 1306 pul
1169 1159 1236 1221 inte
1310 1154 1356 1220 lat
1377 1178 1439 1241 pro
1489 1156 1689 1224 fabulosum.
1732 1156 1812 1224 ltem
1833 1155 2060 1222 maledictall
2107 1159 2287 1252 coritarum
2306 1159 2474 1226 adverae·

461 1243 578 1320 nobis,
607 1253 645 1307 et
677 1253 811 1307 nostras
857 1261 954 1306 reces
976 1242 1072 1307 offert
1123 1243 1197 1308 atri.
1272 1241 1439 1308 aeolides
1490 1265 1604 1310 verum
1626 1243 1746 1321 Deum,
1769 1254 1803 1306 ct
1823 1261 1925 1308 veros
1947 1241 2057 1308 cultus
2104 1243 2146 1322 ei,
2168 1255 2204 1308 ut
2224 1243 2344 1326 impiae
2365 1255 2473 1310 voees

461 1327 494 1391 in
518 1327 685 1392 Christum
703 1329 736 1392 in
758 1346 817 1392 ora
844 1346 909 1392 one
930 1329 1084 1393 addenda
1106 1338 1173 1407 est,
1194 1328 1239 1393 ita
1261 1339 1295 1394 et
1316 1329 1371 1394 bic
1392 1330 1439 1394 vi-
1492 1328 1676 1393 Pharaonis
1698 1338 1733 1392 et
1753 1326 1938 1406 Bebsacis,
1971 1341 2005 1393 et
2025 1327 2285 1394 Pharisaeorum
2304 1331 2474 1398 adversm

462 1412 588 1492 demus,
604 1408 714 1498 legem
735 1433 803 1477 non
825 1411 897 1478 lieri
919 1416 992 1482 sine
1015 1411 1161 1479 Christo.
1491 1413 1660 1480 Christum
1693 1425 1727 1478 et
1748 1407 1943 1496 A'postolos.
1988 1413 2068 1478 ltem
2089 1413 2267 1480 maledicta
2288 1416 2473 1500 desperan-

671 1492 676 1501 '
1491 1501 1582 1564 tium.
1612 1499 1904 1601 Deniqueoomnes
1927 1519 2114 1578 semones,
2159 1501 2258 1566 uibus
2280 1502 2472 1568 concutitur

548 1599 737 1666 Gratiarum
770 1602 858 1667 80th
890 1612 943 1665 est
975 1611 1113 1666 externa
1156 1597 1321 1680 posessio,
1355 1620 1440 1687 quae
1490 1586 1577 1650 fides
1604 1587 1638 1649 ln
1663 1583 1821 1662 lnlltmtS,
1855 1596 1888 1648 et
1909 1582 2114 1684 (leforlllfllur
2136 1586 2245 1672 golla
2264 1581 2348 1665 Del,
2382 1588 2473 1654 810111

462 1686 561 1752 etiam
583 1688 688 1751 oritur
710 1707 752 1750 ex
773 1688 880 1772 primo
901 1696 1093 1772 praecepto.
1154 1708 1206 1751 am
1229 1706 1331 1771 supra
1346 1707 1440 1771 prae·
1490 1668 1558 1736 ¹¹⁰⁰
1591 1682 1741 1774 l⁰¹¹¹R⁰f⁰
1772 1668 1924 1733 ¹¹⁰¹¹¹l¹¹⁰⁵
1958 1666 2071 1774 Wlfflin
2103 1668 2382 1776 “eitenffiempl
2402 1673 2472 1738 Ul·

463 1772 599 1856 cipitur,
632 1782 669 1837 ut
700 1792 794 1837 mens
817 1783 982 1860 agnoscat
1002 1771 1111 1838 Deum
1133 1791 1212 1838 esse
1234 1771 1439 1852 Creatorem,
1489 1775 1564 1821 '¹¹⁰⁸
1595 1753 1764 1860 {¹⁰¹¹}lssum
1791 1757 1835 1820 ab
1863 1752 2048 1839 Evangelffl
2081 1754 2255 1822 ⁰⁸l¹¹¹¹¹¹¹¹¹⁸
2286 1755 2472 1824 ”ullam

462 1853 685 1935 Sabatenem,
718 1865 751 1922 et
772 1867 922 1923 autorem
940 1859 1082 1922 omnium
1098 1859 1272 1935 bonorum,
1293 1856 1346 1922 Ac
1364 1878 1440 1942 pro·
1490 1852 1698 1928 θΧθῡεΙῑᾶῒῐὸ·

461 1952 578 2092 pterea
605 1941 719 2007 deberi
743 1945 774 2007 ei
795 1943 1026 2030 gratitudinem
1049 1954 1082 2009 et
1102 1943 1333 2009 obedientiam.
1377 1941 1440 2008 llic

499 2027 564 2093 'tur
595 2029 796 2114 praecipitur
823 2040 959 2093 externa
979 2028 1182 2126 praedicatio
1204 2026 1440 2093 beneficiorum
1579 2043 1637 2109 lx,
1664 2041 1802 2110 violant
1823 2045 2005 2109 secundnm
2025 2055 2239 2128 praeceptum
2258 2055 2295 2110 et
2314 2047 2471 2131 periuria,

498 2112 543 2191 ei,
577 2127 614 2178 ut
635 2111 722 2179 alios
743 2116 939 2194 invitemus,
971 2124 1007 2178 ut
1028 2125 1062 2179 et
1082 2115 1146 2199 rpsi
1167 2115 1312 2178 sentiant
1332 2113 1439 2179 Deum
1491 2132 1630 2216 primum
1663 2131 1740 2215 quia
1772 2141 1907 2193 utuntur
1938 2130 2071 2192 nomine
2092 2128 2174 2209 Dei,
2208 2150 2283 2195 cum
2315 2141 2469 2216 peccent,

462 2197 1439 2279 088001’08t01'0mssalvfll01'0msaulttoefflbflsstfisslfflm,
1490 2226 1663 2301 praetextu
1695 2216 1837 2280 nominis
1871 2214 1970 2296 divini
1995 2225 2160 2280 conantur
2180 2225 2296 2300 tegere
2317 2228 2470 2300 peecata.

463 2294 496 2347 el
517 2286 673 2370 1101118111
695 2305 769 2352 0¹¹¹ss
790 2287 918 2363 timere,
941 2297 974 2351 ⁰2
995 2282 1042 2352 llll
1065 2287 1212 2351 θῐθᾶθῐθ·
1492 2302 1668 2379 Secundo,
1702 2322 1777 2366 cum
1799 2299 1894 2364 Deus
1921 2300 1966 2365 ibi
1988 2313 2143 2385 tanquam
2165 2303 2263 2365 testis
2284 2302 2470 2382 invocetur,

665 2391 668 2398 '
1490 2389 1644 2473 pariana
1664 2384 1772 2451 laedit.
1787 2382 1927 2470 gloriam
1948 2385 2029 2464 Dei,
2063 2387 2140 2471 quia
2183 2398 2321 2452 uantum
2340 2387 2473 2473 inipso

548 2468 755 2538 Glorilicatio
777 2484 841 2550 est,
862 2475 967 2538 vitare
989 2471 1441 2560 blasphemiasetscandala,
1491 2484 1556 2552 est,
1587 2470 1695 2537 Deum
1727 2470 1807 2536 facit
1838 2469 1960 2536 falsum
1992 2481 2121 2534 testem.
2200 2473 2283 2536 ertio
2316 2472 2472 2556 periurus

463 2567 497 2621 et
506 2554 633 2620 referre
655 2576 771 2621 omnes
783 2559 933 2623 actiones
945 2579 998 2636 eo,
1010 2569 1046 2623 ut
1058 2557 1209 2644 exempla
1218 2571 1334 2625 nostra
1344 2579 1441 2644 prae·
1492 2557 1582 2623 clere
1612 2557 1785 2641 profitetur
1806 2576 1845 2621 se
1868 2569 2081 2620 contemnere
2101 2557 2257 2623 iudicium
2279 2555 2362 2636 Dei,
2418 2559 2474 2623 ula

462 2638 595 2706 luceant
617 2641 704 2720 aliis,
726 2643 866 2708 invitent
882 2663 941 2707 eos
964 2645 1008 2708 ad
1029 2647 1200 2727 pietatem,
1228 2656 1346 2709 ornent
1369 2642 1441 2730 glo·
1491 2644 1604 2709 iurans
1637 2644 1680 2706 im
1705 2653 1839 2708 recatur
1871 2643 1933 2706 sibi
1967 2644 2049 2706 iram
2071 2638 2153 2720 Dei,
2187 2643 2217 2706 si
2238 2639 2342 2709 fallat.
2388 2579 2474 2710 ann

462 2727 545 2792 riam
566 2725 657 2805 Dei,
684 2730 826 2794 reddant
854 2730 1034 2812 gratiorem
1067 2742 1101 2795 et
1130 2730 1441 2795 commendatiorem
1491 2730 1591 2816 igitur
1621 2727 1689 2794 sele
1716 2729 1756 2793 ‘t·
1773 2729 1884 2792 sciens
1907 2725 2110 2804 auruleus,
2142 2724 2253 2811 palam
2275 2728 2474 2815 contempsit

461 2812 658 2890 doctrinam,
682 2812 768 2878 sicut
788 2813 951 2898 praecipit
963 2811 1135 2882 Christus:
1155 2815 1283 2881 Luceat
1304 2814 1361 2879 lux
1383 2835 1440 2879 ve·
1490 2815 1646 2879 iudicium
1678 2812 1753 2878 Dei.
1809 2812 1906 2877 Hunc
1939 2810 2149 2878 manifestum
2182 2823 2409 2898 contemptum
2440 2825 2475 2880 et

463 2908 534 2962 stra
556 2917 668 2963 coram
690 2897 889 2966 bominibus.
1476 2898 1586 2976 ¹Deua
1608 2903 1718 2984 punit,
1751 2910 1785 2964 et
1814 2900 1937 2963 debent
1953 2896 2048 2984 leges
2070 2898 2320 2984 magistratuum
2341 2900 2471 2984 punire·

1050 3009 1056 3021 ·
1492 2983 1575 3051 Cum
1596 2986 1697 3071 igitur
1717 2996 1785 3049 tam
1806 2983 1911 3050 multa
1931 2996 2070 3068 peccata
2091 2985 2157 3048 sint
2171 2984 2205 3048 in
2215 2985 2373 3069 periurio,
2395 3005 2474 3052 con·

1490 3071 1633 3136 suetudo
1666 3091 1768 3154 saepe
1801 3070 1928 3136 iurandi
1959 3071 2032 3135 sine
2052 3090 2175 3155 magna
2197 3089 2302 3135 causa
2322 3080 2357 3136 et
2377 3071 2474 3158 gravi

1490 3153 1728 3223 deliberatione
1750 3153 1848 3222 valde
1870 3154 2063 3241 periculosa
2082 3165 2144 3219 est.

505 3287 715 3356 PEccATA
736 3289 920 3356 CONTRA
940 3289 1186 3360 SECUNDUM
1208 3291 1397 3357 PRAECE·
1489 3371 1494 3385 ι
1575 3325 1618 3391 X·
1661 3323 1800 3392 violant
1830 3324 1896 3394 hoc
1928 3335 2140 3412 praeceptum
2173 3335 2207 3390 et
2227 3326 2484 3408 mmmmm,

885 3410 1020 3478 PTUlll.
1490 3413 1567 3498 quia
1588 3413 1622 3476 in
1643 3412 1696 3476 his
1712 3414 1894 3563 ,illocatff
1904 3411 1998 3562 Deps
2018 3421 2135 3478 contra
2157 3429 2255 3561 sumlt'
2271 3412 2474 3562 pampinum,

1490 3511 1528 3564 ut
1559 3509 1683 3563 noceat
1748 3519 1796 3564 ns.
1885 3519 1915 3562 rc
1937 3519 1959 3561 a
1982 3517 2064 3562 usus
2109 3515 2186 3561 uam
2208 3515 2238 3561 ει
2380 3517 2480 3578 osus,

1491 3581 1615 3648 clarius
1635 3584 1783 3668 perspici
1803 3595 1926 3667 potest,
1949 3583 1978 3646 si
2002 3517 2353 3668 conslldereturquurlr¹
2367 3580 2474 3650 multa

1491 3681 1631 3753 peccata
1652 3671 1772 3733 sintin
1795 3670 2017 3734 evccradone.
2050 3669 2196 3733 Primum
2217 3679 2270 3732 est
2291 3670 2475 3734 irreveren-

1492 3757 1546 3818 tia.
1591 3755 1676 3818 Nam
1707 3774 1901 3838 nuncupare
1923 3752 2050 3833 Deum,
2085 3767 2138 3819 est
2170 3756 2330 3819 invocare
2350 3753 2474 3820 Deum.

1491 3838 1553 3902 Est
1586 3852 1696 3902 autem
1718 3838 1814 3903 Deus
1848 3841 1937 3904 serio
1971 3851 2005 3903 et
2025 3860 2146 3924 magna
2168 3840 2359 3905 reverentia
2380 3842 2474 3906 invo-

1493 3926 1632 3990 candus.
1660 3924 1709 3989 lta
1731 3936 1765 3988 et
1786 3945 1906 3989 nomen
1927 3922 2163 4009 appellandum
2185 3939 2238 3989 est
2259 3926 2350 3990 serio
2373 3938 2409 3990 et
2422 3945 2476 3990 re·

1491 4021 1653 4074 verenter.
1699 4007 1897 4094 Plerumque
1930 4011 2066 4076 effundit
2083 4012 2317 4076 execrationes
2340 4012 2475 4076 vanitas

662 4142 673 4161 .
901 4144 909 4163 .
1514 4097 1654 4160 uaedam
1683 4108 1739 4160 aut
1768 4097 1939 4160 iracundia
1966 4101 2039 4161 sine
2060 4093 2258 4162 reverentia.
2302 4095 2476 4175 Secundo,

547 4141 601 4203 lll.
646 4141 781 4206 laisum
804 4144 986 4207 doctrinam
1008 4162 1169 4228 spargere
1180 4156 1237 4207 aut
1248 4141 1438 4223 defendere,
1491 4118 1587 4244 §eus
1619 4202 1688 4245 non
1720 4194 1772 4246 est
1804 4182 2030 4262 invocandus,
2064 4193 2101 4246 ut
2122 4192 2244 4247 noceat
2264 4179 2351 4261 mis,
2386 4201 2476 4269 quo,

462 4237 496 4293 et
516 4246 629 4292 veram
647 4228 841 4312 depravare,
863 4227 1068 4308 calumniari,
1091 4231 1283 4294 obscurare.
1462 4267 1659 4350 spraecepst
1692 4287 1714 4332 a
1744 4268 1842 4332 nobi„
1875 4267 1989 4331 amasi,
2033 4267 2101 4331 {am
2134 4269 2169 4332 1„
2189 4265 2255 4331 5115„
2276 4266 2474 4354 vulgarium

1491 4354 1757 4418 execrationibus
1796 4355 1972 4418 invocatur
2003 4353 2099 4417 Deus
2133 4365 2249 4417 contra
2282 4355 2474 4420 mandatum

1491 4459 1605 4517 sunm,
1638 4449 1675 4503 ut
1705 4451 1825 4503 noceat
1847 4436 1926 4516 iltis,
1959 4441 2080 4524 quibus
2102 4439 2264 4504 debemus
2282 4440 2378 4503 'bona
2399 4458 2474 4523 prc-

1491 4525 1570 4589 cari.
1624 4523 1814 4610 Prophetae
1837 4524 2001 4589 interdurn
2031 4538 2232 4590 execrantur
2263 4545 2305 4589 ac
2336 4523 2474 4590 maledi·

1492 4620 1583 4689 cunt,
1606 4611 1667 4675 sed
1689 4623 1815 4676 tantuna
1839 4609 2044 4694 blasphemis
2068 4623 2100 4674 et
2113 4612 2304 4690 obstinatis,
2324 4611 2384 4696 qni
2404 4629 2474 4674 non
2504 4645 2544 4662 ·-

1491 4696 1645 4761 desinunt
1666 4697 1820 4779 persequi
1843 4717 1957 4760 veram
1981 4696 2163 4761 doctrinam
2186 4709 2220 4760 et
2237 4693 2473 4762 veroscnltns.

1491 4779 1527 4843 ln
1552 4802 1587 4845 re
1610 4793 1699 4844 tanta
1722 4780 1759 4843 fit
1780 4781 1869 4845 serio
1891 4782 2084 4865 imprecatio
2115 4802 2176 4846 seu
2204 4781 2386 4846 execratio.
2430 4780 2473 4846 Et

1491 4868 1681 4951 magnitudo
1704 4864 1801 4931 huius
1824 4866 1966 4950 exempli
1988 4869 2166 4932 admoneat
2187 4889 2270 4946 nos,
2298 4886 2341 4932 ne
2364 4880 2474 4932 trans·

1492 4948 1637 5016 ieramus
1660 4953 1888 5017 execrationes
1911 4953 1954 5017 ad
1976 4951 2130 5041 vulgaria
2151 4955 2303 5039 negotia,
2360 4955 2417 5018 uia
2439 4953 2473 5018 in

1491 5058 1556 5102 usu
1571 5041 1764 5187 ·l⁰m1‘)³mi⁰
1786 5039 1938 5104 recidunt
1958 5041 1992 5104 in
2015 5049 2113 5124 caput
2136 5039 2226 5118 eius,
2247 5041 2304 5126 qui
2325 5059 2346 5102 a
2371 5040 2474 5104 utitur

1492 5143 1623 5188 nomine
1676 5145 1714 5190 er.

518 3713 574 3818 ‚¹¹
607 3714 768 3781 Omittere
800 3716 1043 3783 invocationem
1075 3718 1157 3797 Dei,
1196 3733 1227 3784 et
1261 3720 1440 3805 gratiarum

404 3819 409 3830 ·
462 3810 636 3866 actionem.

548 3970 588 4035 ll.
634 3970 795 4038 invocare
817 3970 907 4038 idola
929 3984 962 4038 et
983 3983 1130 4038 sanctos.
1461 3981 1467 4058 1

548 4395 616 4461 1111
660 4397 782 4482 lmpios
806 4397 915 4466 cultus
939 4401 1110 4466 instituere
1132 4411 1189 4465 aut
1211 4401 1361 4466 retinere.

548 4559 591 4631 V.
633 4569 708 4634 Non
732 4569 882 4637 confiteri
905 4593 1020 4638 veram
1038 4573 1232 4650 doctrinam,
1255 4573 1439 4638 cuminter·

462 4673 629 4740 rogamur.

504 4823 604 4975 tiVl.
650 4825 724 4889 Non
746 4828 868 4892 dooere
888 4825 1116 4914 Evangelium,
1138 4831 1194 4895 ubi
1215 4826 1361 4915 postulat
1381 4849 1439 4893 vo·

462 4931 504 4977 ca
529 4931 560 4976 o.

548 5079 618 5146 Vll.
663 5080 739 5144 Non
767 5081 944 5148 consulere
966 5086 1143 5169 ambigenti
1164 5084 1355 5163 Ecclesiae,
1377 5104 1441 5149 nec

462 5167 643 5232 diiudicare
665 5167 841 5252 ambiguas
864 5173 1132 5248 controversias,
1165 5173 1194 5234 si
1216 5169 1362 5255 postulet
1383 5192 1441 5235 vo·

463 5255 561 5318 catio.
604 5253 691 5317 Nam
712 5251 780 5318 boc
801 5265 852 5317 est
873 5257 1088 5339 praecipuum
1105 5255 1346 5344 Episcopomm
1368 5254 1441 5320 olli·

463 5340 566 5417 cium,
589 5359 724 5417 curare,
757 5350 793 5404 ut
814 5340 1032 5405 diiudicentur
1053 5344 1227 5428 ambiguae
1250 5355 1442 5408 controver·
1576 5344 1634 5410 xl.
1677 5344 1815 5411 Violant
1847 5350 2032 5414 secundum
2085 5359 2278 5433 raeeeptum
2305 5361 2340 5414 et
2359 5368 2472 5414 moras

461 5424 541 5489 siae.
585 5426 671 5490 Nam
695 5425 860 5491 dubitatio
883 5440 936 5491 est
957 5426 1125 5493 horribilis
1149 5427 1341 5495 carnificina
1363 5449 1442 5492 con·
1491 5428 1570 5495 mali
1592 5432 1754 5512 omnium,
1783 5452 1922 5517 quorum
1944 5453 2060 5519 exemp
2115 5445 2238 5501 nocent
2258 5432 2343 5502 aliis.
2391 5435 2475 5500 lteua

462 5511 693 5591 scientiarum,
727 5523 760 5577 et
781 5514 868 5601 parit
890 5513 1157 5600 desperationem
1178 5525 1211 5580 et
1232 5517 1440 5602 impietatem.
1492 5513 1676 5582 defonuant
1697 5516 1924 5605 Evangelinm.
