5892 6709
462 631 530 699 676
1092 632 1207 700 Puto.
1229 631 1334 698 Mon.
1357 627 1546 699 SCRIPTA
1568 629 1848 698 noonttrtcn.
2337 709 2341 715 ,
2413 629 2485 701 676

464 822 591 886 veteris
620 816 794 885 Ecclesiae
828 822 1086 900 consuetudine,
1117 822 1159 887 Et
1186 818 1342 906 paulatim
1370 820 1447 906 plus
1498 821 1707 886 sacerdotem
1729 821 1892 886 maritum.
1919 817 2139 905 Repudianda
2161 832 2214 885 est
2230 821 2331 908 igitur
2345 819 2482 890 illorum

464 907 615 972 accessit
647 906 842 992 tyrannidis.
887 906 986 972 Circa
1021 920 1172 991 tempora
1202 907 1357 992 Gregorii
1390 910 1445 993 qui
1497 907 1656 987 amentia,
1691 906 1746 992 qui
1779 902 2004 972 vociferantur
2033 906 2130 972 coniu
2156 906 2221 970 ‘um
2256 929 2331 973 cum
2358 921 2483 975 natura

464 993 633 1057 ducebant
653 1012 778 1056 uxores
800 995 833 1057 in
855 991 974 1059 Latina
995 992 1167 1071 Ecclesia,
1198 1004 1323 1057 tantum
1346 1013 1367 1057 0
1388 995 1447 1056 nri·
1498 994 1623 1057 ordinis
1645 1011 1807 1078 pugnare.
1851 990 1936 1056 'loto
1965 990 2099 1056 Graeca
2125 926 2279 1066 66010010
2307 996 2482 1081 usquead

463 1079 612 1142 nistoriis
646 1080 920 1144 removebantur:
958 1080 1084 1144 Postea
1121 1079 1323 1143 exacerbata
1356 1076 1445 1164 lege,
1497 1075 1587 1144 hunc
1607 1078 1692 1143 diem
1715 1088 1867 1156 testatur,
1891 1078 2089 1143 Sacerdotes
2111 1098 2214 1163 posse
2236 1082 2373 1145 maritos
2389 1101 2481 1160 esse,

462 1184 605 1269 prorsus
621 1164 783 1228 ademtum
802 1175 854 1228 est
872 1165 1060 1250 coniugium
1077 1165 1326 1229 sacerdotibus:
1348 1162 1447 1227 Nunc
1496 1183 1600 1248 posse
1621 1164 1747 1228 habere
1767 1184 1908 1241 uxores,
1941 1161 1996 1229 vel
2028 1174 2107 1228 ante
2133 1165 2387 1247 ordinationem,
2422 1163 2482 1233 vel

464 1251 710 1314 rnterb'cinntur
733 1252 787 1334 qui
811 1250 934 1313 ducunt
956 1270 1097 1329 uxores,
1126 1271 1199 1315 cum
1222 1252 1255 1313 in
1277 1247 1446 1315 Ecclesia·
1497 1261 1616 1334 postea
1628 1250 1759 1327 ductas,
1780 1262 1817 1314 ut
1838 1247 1922 1314 inira
1934 1250 2103 1333 copiosius
2122 1252 2346 1317 ostendemus.
2380 1252 2480 1318 Nunc

465 1336 554 1400 stica
577 1337 818 1421 gubenrationc
839 1336 987 1420 inprimis
1008 1333 1129 1402 lenitas
1150 1334 1337 1400 adhibenda
1359 1336 1412 1399 sit.
1496 1333 1578 1400 illud
1611 1345 1737 1400 tantum
1770 1336 1917 1438 agimus,
1957 1346 1994 1399 ut
2026 1337 2243 1402 ostendamus
2276 1340 2480 1404 sacerdotes

1497 1440 1600 1506 posse
1624 1439 1702 1485 0000
1722 1434 1877 1487 0000000οι
1910 1421 2001 1506 quod
2025 1422 2163 1487 dicimus
2196 1423 2240 1486 ad
2267 1421 2481 1489 refutandum

551 1504 623 1570 Etsi
642 1516 750 1571 autem
772 1504 857 1570 baec
879 1527 984 1571 00000
1004 1508 1089 1571 adeo
1119 1507 1296 1591 perspicua
1317 1516 1388 1583 est,
1410 1513 1446 1569 ut
1497 1526 1644 1571 errorem
1671 1502 1820 1587 illorum,
1871 1507 1905 1572 ul
1928 1509 2168 1573 contenderunt
2189 1509 2380 1594 coniugium
2401 1531 2480 1575 cunr

462 1610 530 1655 uon
554 1589 675 1655 habeat
693 1611 778 1675 opus
797 1589 897 1677 longa
916 1593 1149 1676 disputatione,
1168 1604 1276 1657 tamen
1288 1587 1445 1675 colligam
1497 1594 1613 1656 ordine
1635 1611 1797 1678 pugnare.
1839 1528 1913 1668 llec
1934 1590 2020 1658 levis
2043 1604 2095 1657 est
2117 1591 2173 1657 610
2195 1614 2301 1671 00000,
2322 1593 2481 1661 00000100

463 1678 654 1743 testimonia
676 1678 757 1741 iuris
781 1678 900 1756 divini,
933 1698 1018 1763 quac
1040 1679 1179 1757 docent,
1212 1677 1446 1742 sacerdotibus
1497 1676 1713 1742 deliramenta
1730 1674 1972 1763 complectitur,
1994 1678 2087 1765 fingit
2106 1680 2294 1766 coniugium
2310 1698 2389 1746 esse
2407 1701 2481 1746 reru

460 1783 532 1828 non
557 1762 798 1848 prohibendum
822 1784 899 1828 esse
922 1764 1121 1849 coniugium,
1140 1782 1279 1848 canique
1300 1760 1445 1846 prohibi·
1497 1746 1795 1842 immundamsboc
1814 1775 1878 1844 000,
1901 1765 1990 1830 vitoe
2012 1785 2118 1850 genus
2130 1765 2297 1844 vitiosum,
2318 1767 2410 1851 quod
2421 1779 2481 1831 aut

462 1849 588 1914 tionem
612 1850 744 1939 impium
767 1861 801 1913 et
823 1850 979 1914 iniustam
1001 1869 1090 1927 esse,
1124 1861 1215 1913 recte
1236 1847 1350 1912 lacere
1371 1848 1445 1931 pios
1498 1869 1564 1913 non
1597 1849 1762 1934 adprobet
1788 1848 1899 1923 Deus,
1933 1861 1989 1915 aut
2018 1862 2108 1916 certe
2140 1851 2174 1914 in
2201 1849 2313 1937 aliquo
2346 1852 2480 1935 piorum

465 1935 675 2013 sacerdotes,
698 1935 753 2019 qui
777 1935 900 2000 ducunt
924 1955 1060 2014 uxores,
1081 1955 1122 1998 ac
1143 1935 1308 2018 pertinere
1329 1933 1375 1997 ad
1397 1929 1446 1999 01·
1496 1934 1664 2000 hominurn
1686 1935 1793 2020 gradu
1816 1956 1882 1999 non
1912 1937 2085 2021 adprobet.
2130 1934 2216 2000 Huic
2248 1938 2479 2020 superstitioni

464 2019 573 2084 ficium
596 2019 806 2102 Principum,
840 2017 978 2085 abolere
1006 2020 1259 2107 prohibitionem
1286 2016 1376 2083 illam
1397 2019 1446 2083 in·
1497 2040 1640 2085 necesse
1667 2031 1719 2084 est
1745 2018 1946 2100 reclamare,
1980 2042 2066 2107 quac
2089 2024 2220 2107 quidem
2248 2022 2405 2087 damnata
2427 2034 2481 2088 est

464 2105 584 2170 iustam
608 2117 641 2170 et
661 2109 879 2192 tyrannicam.
1497 2107 1596 2171 etiarn
1617 2107 1650 2170 in
1672 2106 1811 2193 Synodo
1835 2106 2039 2193 Gangrensi,
2072 2108 2107 2171 in
2135 2129 2203 2193 qua
2223 2118 2302 2173 snut
2326 2105 2424 2173 utilia
2447 2118 2481 2173 et

1497 2192 1550 2276 pia
1572 2193 1707 2256 decreta
1731 2205 1848 2257 contra
1868 2192 2052 2257 lilarcionis
2073 2205 2199 2258 sectam
2220 2192 2327 2272 lacta,
2349 2196 2383 2258 in
2407 2193 2480 2280 qui·

364 2350 368 2362 Ι
551 2274 721 2341 Vocamus
744 2288 854 2343 autem
882 2276 1090 2363 coniugium,
1118 2274 1295 2359 legitimam
1317 2287 1350 2340 et
1371 2296 1446 2359 per·

464 2373 597 2446 petuam
622 2364 888 2428 coniunctionem
909 2363 1007 2430 unius
1029 2362 1110 2441 viri,
1138 2377 1173 2427 et
1199 2363 1297 2427 unius
1318 2372 1445 2428 tantum

463 2446 629 2514 loominue
647 2448 803 2512 divinitus
827 2449 1005 2513 institutam
1027 2449 1250 2533 generationis
1273 2467 1390 2526 consa,
1411 2459 1445 2511 et

465 2534 645 2600 ordinatam
668 2535 710 2596 ad
733 2536 887 2598 vitandas
904 2532 1057 2599 libidines
1079 2534 1274 2617 prohibitas,
1296 2534 1387 2597 iuxta
1397 2533 1445 2597 di·

465 2631 554 2685 ctum
579 2618 677 2684 irlud:
708 2618 814 2684 Erunt
835 2620 901 2683 ‹iuo
924 2622 956 2683 in
980 2640 1082 2685 carne
1103 2642 1184 2699 nna,
1200 2615 1378 2699 uidelicet,
1409 2628 1445 2683 ut

466 2705 500 2769 in
523 2724 562 2768 ea
585 2706 761 2769 vocatione
783 2704 858 2769 Deo
884 2706 1045 2770 conditori
1068 2725 1194 2770 morem
1215 2715 1350 2792 gerant,
1385 2705 1445 2769 ob·

464 2801 648 2873 temperent
680 2792 752 2854 eius
785 2793 1003 2871 ordinationi,
1036 2793 1141 2856 vitent
1176 2812 1221 2855 ne
1253 2788 1445 2875 polluantur

465 2890 581 2942 contra
604 2896 676 2939 earn
698 2877 953 2953 ordinationem,
983 2878 1035 2941 vir
1054 2898 1121 2941 non
1144 2878 1306 2962 despiciat
1326 2895 1445 2941 sexum

463 2958 682 3040 foemineum,
703 2964 762 3026 sed
786 2961 914 3027 honore
937 2962 1081 3041 adficiat,
1104 2976 1136 3027 et
1159 2966 1243 3027 sciat
1270 2962 1334 3026 0161
1355 2961 1444 3047 quis·

463 3068 529 3132 que
551 3068 645 3112 snum
668 3050 861 3134 coniugem,
896 3061 1052 3134 tanquam
1074 3060 1201 3133 partem
1231 3048 1363 3135 generis
1385 3044 1444 3112 hu·

463 3133 562 3212 mani,
585 3133 753 3211 tuendam,
774 3136 968 3211 iuvandam,
990 3144 1023 3197 00
1043 3136 1217 3199 amandam
1239 3153 1334 3211 esse,
1389 3153 1444 3198 ro·

463 3230 578 3284 creent
599 3215 745 3298 libero's,
767 3222 884 3307 eisque
905 3220 1039 3285 trudant
1059 3239 1174 3287 verum
1195 3217 1260 3285 Dei
1280 3154 1442 3300 notitllrm,

463 3315 499 3369 ut
520 3302 723 3393 agnitiollei
745 3317 960 3411 propagetur,
981 3318 1015 3372 00
1036 3307 1068 3371 10
1091 3306 1189 3372 terris
1212 3316 1440 3370 conservetur.

462 3388 506 3455 Ili
528 3403 607 3457 suut
639 3393 726 3457 enirn
757 3393 925 3478 praecipui
958 3390 1042 3457 fines
1065 3392 1226 3478 coniugii,
1259 3391 1442 3477 dequibus

463 3494 567 3562 saepe
588 3478 804 3552 concionatur
823 3479 978 3544 doctrina
1000 3476 1168 3546 coelestis.
1212 3477 1388 3544 Accedunt.
1409 3485 1444 3541 et

410 3602 412 3604 ·
463 3559 520 3627 alii
544 3562 641 3642 fines,
663 3566 818 3651 coniugia
839 3562 981 3629 colendo
1002 3573 1092 3645 es'se,
1114 3576 1152 3629 ut
1172 3565 1323 3634 10000000
1353 3581 1442 3629 corn·

463 3669 594 3716 munero
617 3650 809 3714 societatem
831 3649 1010 3728 hominum,
1031 3661 1068 3715 ut
1084 3653 1176 3715 cives
1221 3652 1373 3740 'gnarum
1395 3657 1444 3712 at·

464 3754 530 3818 que
553 3735 735 3799 educemus
757 3736 831 3799 usui
854 3734 984 3801 fumeus
1004 3736 1142 3821 patriae.
1187 3671 1230 3800 ill
1257 3734 1343 3800 fines
1366 3731 1443 3813 Phl-

463 3815 617 3904 losopbis
639 3830 671 3883 00
682 3818 973 3905 Legumlatoribus
994 3824 1065 3886 noti
1087 3817 1232 3889 fuerunt.
1266 3820 1333 3885 Sed
1346 3816 1443 3883 Plato

463 3906 562 3971 ctiam
584 3908 627 3970 de
648 3906 760 3989 priore
781 3905 847 3972 fine
867 3905 1026 3993 loquitur,
1042 3908 1207 3993 inquiens,
1229 3904 1308 3972 ldeo
1330 3904 1444 3971 00010·

464 3992 519 4080 gio
542 3993 700 4059 utendum
722 4010 811 4072 esse,
838 3995 932 4080 qnia,
962 4015 1037 4060 cum
1058 3991 1211 4058 homines
1233 4013 1274 4057 ex
1301 3992 1367 4059 600
1389 4011 1444 4056 00-

338 4153 341 4158 ,
464 4080 583 4146 0100000
612 4079 792 4143 morientes
826 4080 1018 4158 discedant,
1059 4081 1177 4145 debeat
1210 4079 1443 4165 unusquisque

485 4185 524 4229 ro
546 4163 692 4230 0001100
714 4162 789 4229 lleo
813 4164 960 4231 cultores
983 4166 1014 4231 in
1037 4162 1103 4231 boc
1125 4177 1224 4234 coetu
1246 4162 1442 4251 relinquere.

462 4185 556 4316 llaec
587 4273 654 4318 vox
689 4251 885 4339 dignissima
919 4263 971 4316 est
1000 4253 1158 4317 memoria
1179 4253 1326 4337 pioremt
1359 4250 1442 4314 li'mn

461 4332 518 4401 610
539 4339 739 4424 praecipuus
762 4336 837 4401 bnis
860 4338 1005 4426 coniugii
1038 4358 1118 4401 esse
1148 4338 1257 4402 debet.
1301 4335 1444 4421 l’ropter

462 4419 553 4488 bunc
575 4422 672 4487 finem
697 4426 894 4508 expetebant
916 4422 1040 4489 liberos
1062 4422 1249 4502 Abrabam,
1281 4421 1389 4500 lsaac,
1412 4432 1444 4486 et

463 4506 557 4573 multi
581 4510 892 4594 reteresEpiscopi,
914 4522 951 4576 nt
973 4508 1198 4596 relinquerent
1220 4509 1307 4576 fidos
1330 4520 1442 4576 custo·

464 4594 525 4660 des
549 4595 719 4660 doctrinae
741 4594 910 4662 coelestis.
1368 4625 1371 4632 ·

804 4945 952 5062 Prima
970 4979 1103 5063 Ratio.

351 5267 354 5272 ,
548 5194 649 5270 Quod
694 5196 926 5261 sacerdotibus
964 5192 1065 5261 110000
1105 5167 1230 5276 babere
1270 5196 1444 5283 coniuges,

461 5305 480 5349 0
505 5295 578 5349 erte
596 5294 739 5348 testatur
763 5278 886 5347 Paulus
907 5283 950 5348 ad
972 5280 1178 5348 Timotheum
1202 5294 1236 5346 00
1258 5282 1299 5346 ad
1318 5280 1443 5347 Titum:

461 5303 602 5457 (lportet
635 5369 839 5455 Episcopum
882 5371 978 5434 nnius
1014 5370 1129 5434 uxoris
1167 5370 1320 5434 maritum
1354 5390 1442 5438 esse.

1498 2280 1560 2342 bus
1575 2288 1618 2350 ,et
1638 2275 1705 2344 hoo
1726 2289 1793 2344 est:
1815 2278 1854 2344 st
1867 2279 1941 2368 quis
1962 2279 2120 2344 discernit
2138 2279 2374 2367 Presbyterum
2399 2300 2480 2345 cun·

1497 2364 1722 2451 coniugatum,
1746 2366 1852 2471 000001Ι
1865 2376 2001 2469 prepter
2028 2363 2396 2449 0000100060000000
2421 2366 2480 2429 de·

1496 2450 1591 2528 beat,
1625 2461 1658 2514 00
1678 2453 1722 2515 06
1741 2471 1813 2515 erus
1835 2448 2003 2516 onianone
2025 2449 2100 2514 ideo
2119 2451 2276 2530 abstinet,
2299 2450 2484 2516 anathema

1497 2536 1550 2600 sit.
1593 2534 1668 2601 Etsi
1700 2547 1808 2601 autern
1840 2549 2004 2621 quaerunt
2031 2537 2215 2602 adversarii
2242 2534 2482 2602 cavillationes

1496 2622 1538 2686 ad
1567 2619 1633 2687 600
1667 2621 1839 2688 decretum
1861 2620 2076 2701 eludendum,
2110 2633 2218 2686 tamen
2252 2636 2380 2688 certum
2415 2634 2483 2701 000,

1496 2704 1583 2771 banc
1616 2726 1696 2772 0000
1718 2708 1932 2787 sententiam,
1964 2707 2162 2792 Coniugium
2183 2708 2372 2812 presbyteri
2396 2705 2483 2772 nibil

1497 2791 1628 2857 differre
1650 2814 1671 2857 0
1694 2793 1850 2878 coniugio
1872 2790 2023 2872 aliorum,
2047 2804 2081 2857 et
2102 2794 2137 2857 id
2160 2805 2248 2858 vrtae
2271 2813 2382 2880 genus
2402 2791 2513 2860 Deo.

1496 2875 1643 2963 placere.
1675 2878 1760 2944 Cum
1780 2879 1879 2964 igitur
1901 2891 2028 2945 certum
2050 2880 2102 2957 ait,
2121 2899 2162 2943 ex
2183 2880 2383 2945 testimoniis
2395 2881 2484 2944 scri·

1496 2975 1613 3049 pturae
1636 2975 1671 3028 et
1691 2965 1813 3030 veteris
1836 2961 2024 3042 Ecclesiae,
2053 2965 2201 3029 ordinem
2233 2985 2300 3029 non
2324 2986 2485 3051 pugnare

1496 3071 1572 3116 cum
1593 3050 1760 3136 coniugio,
1782 3052 1964 3116 sententiae
2011 3055 2163 3119 eneraics
2184 3051 2291 3115 dictae
2314 3052 2359 3115 de
2375 3053 2486 3117 omni-
2520 3123 2534 3134 ,

1494 3137 1559 3200 bus
1580 3136 1673 3216 viris,
1696 3136 1794 3200 etiam
1819 3137 1863 3202 od
1885 3072 2080 3201 sacerdotes
2101 3137 2324 3223 pertinebunt
2369 3135 2487 3204 Acce·

1495 3221 1576 3288 dunt
1596 3221 1697 3310 igitur
1714 3218 1841 3307 reliqua
1863 3222 2060 3289 testimonla.

1672 3735 1680 3746 .
1704 3599 1940 3688 Secundum
1969 3601 2273 3688 Testimonium

1579 3815 1980 3883 1600060000000060010
2003 3820 2372 3907 consmnnusqulsque
2397 3841 2484 3891 uo·

1494 3923 1566 3971 rem
1587 3922 1683 3969 suam
1704 3902 1837 3969 606000.
1882 3901 1974 3969 11000
1996 3907 2162 3971 sententia
2183 3909 2347 3992 praecipit
2371 3913 2484 3977 omni·

1494 3994 1558 4057 bus
1581 3991 1628 4056 uti
1650 3991 1827 4076 coniugio,
1848 3991 1903 4076 qui
1926 4011 1993 4056 non
2015 3993 2157 4057 00000001
2179 3989 2385 4059 coelibatum
2409 3997 2483 4063 ido·

1495 4078 1566 4156 nei,
1587 4095 1628 4142 ac
1649 4076 1723 4143 sine
1743 4074 1814 4141 ulla
1835 4076 2039 4141 dubitatione
2133 4078 2201 4143 inat
2221 4097 2294 4144 non·
2312 4079 2355 4143 ad
2379 4078 2483 4149 00100

1494 4163 1628 4241 101000,
1661 4164 1722 4227 sed
1750 4161 1849 4227 etiam
1877 4161 1918 4227 ad
1948 4161 2052 4228 Sacer
2076 4175 2160 4228 otes.
2204 4162 2266 4229 1100
2293 4165 2384 4230 enirn
2408 4170 2484 4234 uul-

1494 4245 1627 4315 versale
1659 4250 1864 4318 mundatumt
1904 4245 2140 4335 Unusquisque
2178 4268 2319 4315 uxorem
2349 4247 2483 4320 habeat

1493 4336 1649 4402 vitandae
1670 4334 1887 4399 scortationis
1908 4353 2021 4399 cause.
2054 4333 2127 4400 Nec
2148 4331 2208 4399 ulli
2228 4337 2272 4401 ab
2294 4332 2362 4402 600
2385 4357 2481 4404 man·

1495 4422 1574 4486 dato
1596 4434 1675 4487 sunt
1696 4420 1835 4506 excepti,
1857 4431 1990 4504 praeter
2010 4416 2088 4485 illos
2110 4441 2197 4508 quos
2220 4419 2316 4486 Deus
2336 4424 2478 4509 exdpit,

1495 4504 1663 4588 videlicet,
1684 4508 1740 4595 qui
1762 4518 1820 4572 aut
1840 4517 1959 4571 nature
1979 4517 2058 4571 sunt
2079 4504 2287 4587 enrascnlati,
2309 4521 2368 4573 000
2380 4529 2479 4595 prae·

1495 4594 1553 4658 diti
1575 4592 1737 4680 singulari
1759 4595 1862 4672 dono,
1884 4604 1920 4657 ut
1935 4611 2018 4678 pure
2041 4593 2139 4658 etiam
2162 4594 2236 4659 sine
2257 4594 2333 4659 con·
2428 4598 2477 4661 01

1495 4699 1575 4746 vere
1597 4681 1745 4765 possint=
1772 4688 1898 4743 tantum
1921 4675 1955 4743 hi
1977 4689 2055 4743 sunt
2076 4698 2160 4744 exce
2183 4680 2207 4744 ti
2228 4701 2250 4745 a
2270 4698 2355 4766 regu
2400 4728 2412 4763 ,
2434 4683 2483 4748 tle

1496 4768 1638 4831 caeteris
1661 4765 1814 4831 omnibus
1836 4761 1925 4829 valet
1946 4764 2070 4830 dictum
2092 4763 2331 4831 6600601100
2354 4787 2477 4835 ornnes

1496 4852 1628 4936 capiunt
1655 4849 1746 4917 bunc
1778 4869 1976 4915 sermonem.
2025 4850 2154 4916 Natura
2186 4852 2271 4917 enirn
2303 4850 2478 4922 6000010000

1494 4939 1541 5003 ito
1563 4938 1697 5003 condita
1725 4947 1794 5001 estc
1825 4946 1863 5000 ut
1895 4937 1938 5000 sit
1970 4933 2149 5016 foecunda,
2181 4938 2267 5002 sicut
2287 4936 2322 5001 in
2345 4937 2479 5022 Genesi

1494 5018 2036 5195 111111111601101110111111010
2051 5020 2477 5178 ‘ll'llllmd‘llllrlll

1494 5197 1739 5281 oppetitionem,
1760 5214 1847 5281 quae
1869 5196 2000 5286 quidem
2017 5196 2048 5261 in
2067 5205 2184 5261 natura
2204 5195 2271 5259 inte
2314 5216 2336 5260 a
2353 5191 2479 5264 1610000

1494 5285 1567 5348 sine
1589 5283 1680 5347 vitio.
1723 5281 1822 5347 Nunc
1842 5299 1910 5348 uon
1932 5292 1986 5347 est
2006 5280 2139 5347 sublata
2155 5281 2317 5346 00000010
2333 5282 2480 5350 inclinu-

1494 5370 1552 5445 tio,
1586 5369 1650 5433 sed
1668 5380 1811 5455 vogatur
1839 5368 2068 5446 0100006100,
2102 5386 2210 5453 eoque
2229 5370 2354 5456 ‘magis
2389 5387 2477 5456 0001

461 5453 554 5522 11000
575 5458 741 5523 sententia
763 5458 839 5521 sine
866 5454 934 5523 ulla
957 5455 1162 5521 dubitatione
1183 5465 1341 5535 testatur,
1374 5476 1441 5521 non
1495 5467 1547 5520 eat
1560 5454 1741 5539 coniugio,
1757 5465 1793 5519 ut
1815 5454 2044 5533 coherceatur,
2066 5453 2153 5519 sicut
2173 5471 2291 5519 ornnes
2313 5454 2478 5522 dcccmo

460 5561 612 5631 pugnare
645 5545 835 5632 coniugium
867 5565 943 5610 cum
971 5542 1105 5623 ordine,
1137 5542 1198 5607 sed
1231 5538 1334 5610 licere
1365 5540 1443 5630 eligi
1494 5542 1656 5620 scribunt,
1677 5540 1832 5627 coniugio
1852 5550 1931 5627 post
1951 5536 2081 5625 lapsum
2097 5539 2278 5627 primorum
2297 5553 2477 5625 000000οω
