5892 6709
915 633 1050 702 ⁴43
2185 625 2410 692 PfflL.
2455 624 2662 690 MEL.
2697 619 3075 728 SCRIPTA.
3110 615 3673 686 DOGMATch.
4814 620 4953 688 444

2980 829 3133 874 nem
3179 807 3459 895 gratiae,
3524 807 3751 874 addita
3786 815 3895 872 est
3934 806 4134 871 etiam
4174 806 4531 891 promissio
4578 806 4951 895 corporali·

1093 781 1183 888 lJt
1245 832 1467 887 autem
1524 820 1696 885 haec
1760 815 2054 883 delinitio
2118 812 2384 902 planius
2447 812 2878 920 intelligatur,
2982 917 3091 962 um
3138 897 3483 960 bonum

920 909 1480 978 considerandum
1556 918 1698 984 est,
1774 902 2074 989 duplices
2141 923 2298 967 esse
2374 904 2873 987 promissiones.

917 997 1140 1062 Prima
1207 997 1600 1080 praecipua,
1666 1004 1734 1056 et
1797 991 2083 1056 omnium
2151 989 2432 1054 maxime
2494 991 2880 1054 necessaria

923 1093 1030 1148 est
1097 1081 1454 1166 promissio
1523 1080 1799 1166 gratiae,
1863 1096 1986 1140 sea
2050 1086 2470 1140 aeternorum
2530 1076 2876 1140 bonorum.

921 1166 1073 1234 Alia
1108 1178 1265 1234 sunt
1309 1169 1633 1231 bonorum
1681 1158 2148 1247 corporalium,
2192 1161 2359 1234 Quia
2405 1157 2596 1227 Deus
2638 1162 2703 1224 in
2750 1159 2880 1226 hac

921 1255 1058 1320 vita
1105 1250 1360 1339 colligit
1393 1247 1770 1315 Ecclesiam
1819 1266 1988 1312 voce
2031 1244 2374 1333 Evangelii
2420 1259 2489 1312 et
2511 1269 2642 1311 non
2665 1244 2878 1326 aliter,

920 1342 1242 1427 promittit
1285 1350 1352 1402 et
1393 1334 1676 1424 largitur
1719 1336 1915 1399 etiam·
1959 1331 2114 1399 huic
2169 1329 2502 1417 corporali
2545 1335 2722 1400 vitae
2766 1354 2880 1398 ne-

922 1427 1243 1492 cessaria.
1332 1422 1428 1488 lta
1470 1427 1765 1486 sciamus
1799 1420 1885 1485 ad
1930 1422 2199 1504 primam
2223 1421 2733 1504 promissionem
2776 1439 2880 1485 re-

919 1512 1232 1578 ferendas
1277 1529 1432 1574 esse
1477 1509 1674 1573 etiam
1719 1504 2134 1590 corporales,
2179 1518 2244 1571 et
2284 1507 2410 1572 has
2456 1525 2726 1591 quoque
2769 1506 2881 1570 da·

919 1601 978 1664 ri
1019 1613 1294 1684 propter
1337 1594 1796 1660 Mediatorem.
1928 1592 2066 1658 Sed
2121 1604 2344 1660 tamen
2387 1593 2742 1674 discrimen
2785 1603 2882 1656 te·

917 1687 1205 1752 nendum
1247 1693 1403 1748 est.

3153 1047 3259 1114 Ne
3322 1056 3542 1113 autem
3608 1046 3712 1109 sic
3775 1042 3983 1111 intelli
4035 1055 4282 1126 eretur,
4347 1049 4538 1131 quasi
4602 1050 4757 1114 iusti
4798 1052 4955 1116 sine

2983 1132 3455 1202 afflictionibus
3501 1134 3566 1197 in
3612 1131 3741 1198 liae
3785 1134 3919 1198 vita
3994 1133 4165 1198 nturi
4208 1145 4439 1198 essent
4480 1133 4679 1200 simul
4720 1129 4953 1202 adiun-

2987 1236 3097 1286 cta
3140 1233 3248 1286 est
3287 1219 3655 1305 praedictio
3700 1220 3784 1282 de
3829 1239 4059 1297 cruce,
4091 1230 4161 1283 et
4202 1217 4642 1304 significatum
4668 1235 4797 1302 est,
4842 1223 4953 1289 Fi-

2985 1307 3143 1373 lium
3208 1305 3337 1371 Dei
3392 1325 3656 1390 semper
3696 1303 4048 1370 affuturum
4092 1325 4249 1369 esse
4295 1303 4664 1386 Ecclesiae,
4720 1310 4957 1376 et-mi-

2985 1390 3283 1459 rabiliter
3326 1391 3668 1457 eaniinter
3688 1387 4125 1456 Diabolorum
4170 1391 4445 1456 insidias
4490 1406 4559 1458 et
4600 1395 4955 1480 impiorum

2988 1475 3254 1544 furores
3301 1490 3719 1542 servaturum
3764 1496 3942 1542 esse.
4074 1476 4230 1540 ldeo
4276 1479 4493 1543 statim
4542 1480 4724 1544 initio
4772 1471 4987 1546 edita'

2987 1565 3438 1651 promissione
3484 1564 3764 1650 gratiae,
3808 1562 4044 1626 deinde
4090 1563 4360 1628 dicitur:
4408 1563 4477 1643 lp
4522 1567 4771 1630 sudore
4803 1565 4953 1631 vul-

2987 1667 3097 1717 tus
3140 1652 3236 1718 tui
3282 1650 3581 1715 vesceris
3624 1667 3801 1734 pane
3842 1659 3997 1726 tuo,
4044 1650 4261 1713 donoc
4307 1653 4662 1716 reverteris
4706 1654 4773 1716 in
4819 1666 4954 1717 ter·

2989 1757 3129 1802 ram
3172 1748 3299 1802 etc.
3390 1735 3513 1799 Hic
3556 1733 3753 1800 simul
3802 1735 4202 1820 praedicitur
4246 1731 4467 1821 aliqua
4512 1737 4688 1802 vitae
4730 1739 4955 1821 spatia

2987 1821 3171 1901 fore,
3240 1833 3310 1887 et
3372 1822 3614 1886 deinde
3666 1835 3946 1885 mortem
3993 1823 4300 1904 corporis
4348 1833 4725 1887 secuturam
4771 1843 4957 1903 esse,

2989 1922 3056 1974 et
3094 1909 3157 1972 iu
3205 1909 3309 1973 his
3357 1909 3528 1972 vitae
3574 1907 3828 1993 spatiis,
3890 1918 4107 1970 tamen
4152 1926 4286 1970 non
4354 1905 4727 1974 defuturum
4772 1929 4955 1988 esse,

2990 1991 3205 2059 Simul
3246 2006 3464 2058 autem
3510 1985 3971 2058 futuras'esse
3992 2013 4271 2079 magnas
4293 2014 4672 2074 aerumnas,
4716 2016 4955 2061 acces·

2988 2100 3185 2145 suras
3250 2082 3449 2146 etiam
3514 2099 3671 2144 esse
3736 2075 4169 2143 Diaboloruin
4218 2081 4515 2159 insidias,
4582 2082 4667 2147 de
4708 2084 4955 2167 quibus

2988 2169 3228 2253 iuquitt
3274 2165 3650 2231 lnimicitias
3685 2171 3927 2249 pona'm
3975 2166 4148 2229 inter
4191 2179 4255 2229 te
4299 2177 4367 2229 et
4421 2168 4666 2231 Semen
4723 2165 4955 2233 mulie·

2988 2254 3108 2331 ris,
3150 2252 3273 2318 sed
3315 2249 3510 2318 simul
3556 2253 3889 2338 significat
3934 2248 4117 2316 illum
4152 2253 4547 2337 promissum
4571 2251 4954 2332 Dominum,

2991 2339 3104 2425 qui
3171 2341 3296 2403 erit
3362 2356 3593 2404 semen
3661 2335 3976 2416 mulieris,
4018 2349 4178 2402 tunc
4220 2340 4441 2403 statim
4490 2359 4955 2424 i·epressurum

2994 2445 3150 2490 esse
3218 2420 3594 2500 Diabolum,
3657 2435 3723 2486 et
3791 2435 4210 2489 servaturum
4277 2421 4685 2490 Ecclesiam:
4751 2425 4955 2490 Addit

1051 1847 1056 1858 Ι
1092 1871 1314 1936 Prima
1357 1871 1646 1934 omnium
1686 1857 2198 1954 promissionum
2241 1876 2394 1949 post
2431 1863 2716 1951 lapsum,
2761 1861 2885 1930 fuit

918 1959 1276 2046 promissio
1322 1957 1601 2043 gratiae,
1648 1968 1716 2021 et
1762 1956 2088 2019 restitutio
2133 1955 2311 2020 vitae
2350 1965 2682 2018 aeternae.
2763 1952 2884 2017 Se·
2929 1983 2946 2911 1

2931 3037 2949 3992 l

921 2067 1071 2111 men
1114 2042 1415 2110 mulieris
1462 2053 1762 2107 conteret
1795 2053 1995 2127 caput
2037 2039 2425 2124 serpentis.·

1097 2215 1280 2280 Haec
1317 2214 1673 2299 promissio
1718 2213 1969 2277 initium
2012 2209 2133 2275 fnit
2186 2209 2540 2274 Ecclesiae
2583 2208 2749 2292 Dei,
2817 2221 2883 2274 et

920 2301 1044 2368 fuit
1085 2299 1522 2388 Evangelium
1570 2296 1746 2363 illius
1789 2301 2040 2384 primae
2083 2295 2454 2361 Ecclesiae.
2533 2295 2727 2368 ‚Quia
2774 2317 2882 2361 ve-

923 2411 1000 2455 ro
1067 2409 1310 2475 magna
1375 2383 1724 2452 multitudo
1789 2385 2010 2449 statim
2069 2396 2223 2468 post
2287 2379 2464 2448 Abel
2529 2379 2735 2446 oblita
2781 2393 2888 2446 est

924 2474 1415 2560 promissionis,
1463 2470 1648 2535 Deus
1715 2489 1864 2534 eam
1930 2489 2135 2552 saepe
2179 2470 2506 2554 repetivit,
2573 2468 2746 2534 sicut
2784 2489 2884 2534 re·

923 2563 1127 2712 ἓοῑίω
1174 2572 1299 2638 est,
1344 2579 1491 2622 cum
1539 2554 1854 2622 Abrahae
1898 2549 2142 2620 tradita
2185 2566 2370 2621 esset
2422 2552 2883 2620 Circumcisio.
2991 2513 3187 2577 emm
3232 2509 3421 2574 ⁰³⁰⁸
3468 2510 3690 2593 pflmis
3736 2509 4124 2595 Paremssms
4168 2511 4509 2590 vesmum’
4580 2531 4712 2597 ‘1¹¹⁰
4757 2523 4957 2597 ἔδω

2990 2609 3346 2682 utrumque
3387 2596 3830 2681 significatur,
3875 2595 4178 2672 defensio
4224 2599 4531 2681 corporis
4575 2597 4640 2662 in
4687 2591 4815 2663 Iiac
4860 2598 4959 2662 vi·

2992 2695 3082 2764 ta,
3149 2695 3215 2747 et
3273 2683 3507 2747 deinde
3574 2683 3901 2746 restitutio
3951 2702 4173 2746 novae
4215 2681 4433 2767 pellis.
4565 2681 4664 2746 lta
4710 2680 4959 2747 multae

2993 2780 3148 2834 sunt
3213 2769 3550 2832 mirandae
3617 2770 3913 2852 picturae
3978 2768 4045 2832 in
4090 2765 4205 2832 ilia
4250 2769 4461 2852 prima
4508 2768 4959 2856 descriptione

2991 2856 3076 2920 de
3120 2855 3495 2940 praecipuis
3540 2860 3741 2918 rebus
3808 2855 3873 2918 in
3940 2851 4288 2933 Ecclesia,
4358 2856 4442 2920 de
4488 2857 4961 2936 conversione,

2991 2941 3076 3005 de
3121 2941 3374 3018 Gratia,
3435 2942 3518 3004 de
3565 2941 3700 3005 vita
3744 2939 4103 3022 corporali,
4172 2941 4255 3006 de
4303 2963 4530 3020 cruce,
4587 2942 4670 3005 de
4718 2955 4961 3020 morte,

2991 3029 3075 3091 de
3122 3029 3536 3091 restitutione
3580 3026 3757 3091 vitae
3804 3041 4135 3105 aeternae,
4180 3041 4420 3112 postea
4461 3028 4547 3092 ad
4569 3026 4719 3091 Noe·
4763 3048 4958 3112 repe·

2989 3115 3109 3179 tite
3148 3125 3257 3179 est
3296 3114 3654 3198 promissio
3698 3109 4092 3198 corporalis.

989 2669 1094 2711 um
1159 2647 1330 2712 enim
1376 2657 1574 2709 antea
1618 2639 2024 2730 generaliter
2069 2643 2314 2708 dictum
2361 2652 2580 2719 esset,
2644 2643 2728 2706 de
2773 2645 2888 2706 Se-

919 2735 1095 2799 mine
1161 2729 1481 2809 mulieris,
1544 2743 1702 2794 tunc
1770 2730 2101 2792 restrictio
2167 2729 2256 2792 ad
2321 2739 2570 2792 certam
2613 2729 2886 2812 stirpem

925 2817 1107 2884 facta
1174 2831 1304 2893 est,
1374 2829 1441 2882 et
1506 2828 1746 2900 postea
1790 2835 2025 2878 rursus
2073 2827 2256 2878 certa
2297 2816 2506 2899 stirps
2553 2815 2886 2878 nominata

924 2916 1053 2984 est,
1093 2900 1401 2970 videlicet
1442 2903 1803 2986 posteritas
1851 2899 2151 2978 Davidis‚
2198 2911 2269 2965 ut
2313 2912 2736 2966 comet-num
2780 2921 2886 2964 es-

923 3004 1053 3069 set,
1121 2992 1184 3054 in
1255 3009 1388 3075 qua
1445 3001 1674 3075 geute,
1720 3007 1852 3072 quo
1899 2985 2078 3066 loco,
2144 3008 2276 3072 quo
2321 2999 2641 3070 tempore,
2697 2983 2885 3051 Deus

923 3076 1104 3143 hunc
1140 3074 1574 3141 Mediatoreni
1611 3072 2021 3140 exhibiturus
2067 3087 2273 3152 esset,
2318 3085 2385 3138 et
2428 3069 2886 3157 splendidissi-

920 3185 1028 3229 me
1070 3161 1404 3228 illustrata
1445 3179 1546 3226 est
1572 3157 1928 3246 promissio
1969 3180 2136 3224 voce
2161 3158 2662 3245 Prophetarum.
2707 3158 2886 3223 Sem-

920 3271 1042 3335 per
1109 3250 1308 3336 igitur
1369 3249 1438 3313 in
1504 3268 1755 3334 genere
1819 3244 2104 3310 humano
2173 3243 2293 3310 suit
2338 3258 2494 3310 nota
2532 3246 2884 3329 promissio

926 3338 1179 3423 gratiae
1227 3338 1310 3400 de
1349 3333 1739 3413 Mediatore,
1787 3332 1973 3398 Sicut
2025 3330 2353 3396 Dominus
2400 3333 2640 3417 inquit:
2709 3330 2890 3395 Vidit

924 3420 1267 3489 Abraham
1335 3422 1510 3486 diem
1564 3442 1777 3485 meum
1845 3431 1911 3483 et
1953 3417 2241 3482 laetatus
2285 3430 2424 3497 est,
2492 3431 2560 3483 et
2625 3438 2889 3501 semper

925 3521 1180 3574 tantuin
1248 3505 1364 3570 ille
1430 3520 1664 3572 coetus
1732 3502 1854 3570 fnit
1898 3501 2205 3569 Ecclesia
2248 3503 2412 3583 Dei,
2471 3504 2581 3590 qui
2627 3505 2889 3568 retinuit

3165 3302 3517 3369 Sciendum
3560 3311 3778 3366 autem
3821 3312 3947 3379 est,
3995 3298 4299 3385 duplices
4356 3319 4511 3365 esse
4573 3302 4963 3386 promissio-

2993 3409 3117 3454 nes
3164 3386 3572 3473 corporales.
3658 3385 3854 3453 Aliae
3898 3398 4055 3451 sunt
4098 3384 4463 3470 speciales,
4525 3401 4597 3451 ut
4643 3389 4727 3451 de
4772 3399 4964 3453 certa

2993 3477 3179 3552 sede,
3244 3476 3333 3553 de
3398 3488 3581 3540 certa
3628 3472 3844 3539 forma
3937 3471 4161 3537 olitiae
4223 3474 4687 3538 conservanda
4732 3487 4798 3539 et
4845 3476 4967 3539 de·

2994 3559 3347 3628 fendenda.
3438 3559 3622 3626 Haec
3667 3497 3982 3645 specialis
4026 3561 4382 3644 promissio
4421 3581 4553 3624 non
4600 3573 4707 3624 est
4752 3563 4966 3626 omni-

2992 3670 3103 3714 um
3144 3661 3533 3732 temporum,
3571 3648 3693 3710 sed
3722 3645 4033 3710 Abrabae
4060 3646 4344 3729 posteris
4392 3647 4654 3723 tradita,
4700 3659 4766 3710 et
4804 3668 4964 3711 con-

2995 3737 3289 3798 stitutum
3333 3747 3436 3798 est.
3480 3744 3765 3817 tempus,
3811 3753 3943 3818 quo
3991 3733 4232 3797 durare
4277 3733 4477 3797 sedes
4502 3729 4614 3796 illa
4663 3734 4962 3799 deberet.

2993 3821 3139 3885 Nec
3205 3823 3491 3904 pertinet
3558 3820 3731 3884 haec
3793 3815 4106 3904 specialis
4162 3820 4516 3905 promissio
4562 3819 4650 3884 ad
4695 3833 4965 3885 caetera

2994 3921 3294 3992 tempora
3334 3919 3452 3974 aut
3493 3907 3579 3971 ad
3625 3903 3792 3970 alias
3838 3918 4098 3993 gentes.

925 3595 1101 3660 hanc
1146 3593 1516 3659 doctrinam
1561 3594 1645 3656 de
1689 3593 2131 3675 promissione
2175 3593 2429 3676 gratiae
2473 3605 2538 3656 et
2570 3589 2888 3656 Mediato-

924 3681 1045 3758 ris,
1091 3681 1272 3744 iuxta
1318 3679 1599 3758 dictum:
1646 3678 2168 3742 Fundamentum
2215 3673 2392 3741 aliud
2418 3678 2571 3762 poni
2594 3698 2726 3741 non
2774 3697 2890 3762 po·

926 3778 1093 3842 test,
1159 3780 1429 3849 praeter
1475 3766 1539 3828 id
1633 3765 1763 3829 uod
1805 3765 2090 3847 positum
2136 3775 2264 3841 est,
2328 3763 2505 3848 quod
2553 3774 2655 3826 est
2698 3762 2887 3828 lesus

926 3850 1264 3916 Christus.
1356 3850 1536 3933 ltein,
1645 3871 1795 3916 emo
1839 3851 2063 3915 venire
2103 3862 2331 3935 potest
2365 3851 2456 3914 ad
2476 3862 2752 3935 patrem,
2796 3851 2889 3915 ni-

893 3939 983 4003 'si
1023 3959 1144 4024 per
1186 3935 1445 4002 Filium.

3170 4092 3366 4160 Aliae
3411 4105 3569 4160 sunt
3615 4093 4007 4180 generaleS,
4048 4114 4221 4181 qnae
4267 4106 4423 4158 sunt
4468 4095 4756 4159 omnium
4799 4106 4967 4161 tem-

3044 4202 3258 4259 orum,
3295 4183 3378 4245 de
3425 4183 3625 4259 victu,
3677 4181 3997 4264 hospitiis,
4042 4193 4109 4246 et
4154 4183 4237 4244 de
4294 4177 4679 4245 defensione
4726 4195 4966 4247 coetus

3058 4267 3370 4347 eclesiae,
3437 4268 3688 4332 etiamsi
3738 4270 4093 4332 miscentur
4140 4268 4366 4331 variae
4401 4266 4827 4345 afflictiones,
4897 4279 4966 4334 et

2998 4353 3205 4420 multa
3250 4355 3544 4418 membra
3590 4368 3918 4440 vagantur
3963 4356 4027 4417 in
4075 4352 4316 4431 extliis,
4381 4350 4584 4417 multa
4630 4354 4967 4419 trucidan-

3001 4454 3126 4505 tur.
3260 4440 3428 4514 Quia
3472 4461 3737 4524 semper
3782 4439 3973 4505 Deus
4017 4452 4362 4524 utrumque
4412 4437 4551 4502 vult.
4596 4441 4789 4517 sciri,
4840 4440 4966 4504 Ec-

1098 4107 1387 4196 Reliqua
1430 4129 1678 4194 magna
1721 4105 2075 4174 multitudo
2120 4111 2417 4196 gentium
2487 4105 2693 4173 oblita
2735 4130 2890 4194 pro·

930 4197 1295 4274 missionis,
1367 4206 1483 4259 aut
1541 4215 1686 4259 eam
1756 4207 2212 4273 contemnens,
2279 4216 2694 4280 nequaquam
2749 4207 2896 4259 erat

927 4280 1242 4348 Ecclesia
1285 4279 1438 4359 Dei,
1475 4280 1731 4345 etiamsi
1779 4279 2001 4365 aliquo
2049 4283 2245 4345 modo
2290 4293 2484 4344 norat
2504 4283 2891 4363 sapientiam

927 4369 1158 4453 Legis,
1222 4387 1395 4452 quae
1464 4366 1839 4434 bominibus
1906 4369 1971 4431 in
2021 4368 2354 4430 creatione
2399 4367 2594 4429 insita
2631 4379 2758 4445 cst,
2828 4380 2894 4432 et

929 4456 1276 4519 nobiscnm
1323 4456 1644 4518 nascitur.
1734 4451 1875 4516 Etsi
1915 4454 2115 4538 igitur
2159 4455 2222 4516 in
2261 4451 2576 4529 Hesiodo,
2637 4451 2892 4539 l'hocy-

927 4538 1087 4618 lide,
1134 4539 1603 4622 Xenophonte,
1671 4536 1974 4616 Platone,
2035 4536 2282 4604 multae
2325 4551 2481 4603 sunt
2525 4543 2891 4605 sententiae

930 4641 1380 4713 congruentes
1426 4647 1572 4691 cuin
1621 4625 1806 4711 Lege
1853 4625 2014 4703 Dei,
2073 4637 2289 4690 tamen
2343 4627 2697 4709 promissio
2742 4648 2893 4712 gra·
2998 4637 3106 4679 ¹1¹¹¹
3144 4614 3271 4679 Dei
3314 4617 3581 4694 adesse,
3627 4614 3736 4699 (1¹¹i
3783 4610 4166 4676 mlfflbffitffl'
4209 4633 4355 4676 ‘³⁸¹⁰
4401 4623 4647 4676 servat·

930 4716 1060 4778 tiae
1107 4724 1175 4777 ct
1225 4713 1608 4778 Mediatoris
1654 4714 1669 4776 i
1727 4726 1879 4777 nota
1931 4724 2034 4777 est
2071 4712 2190 4775 eis.
2255 4711 2406 4777 ldeo
2432 4731 2649 4800 neque
2693 4735 2893 4778 mem·

927 4802 1050 4864 bra
1097 4797 1443 4864 Ecclesiae
1486 4798 1612 4864 Dei
1660 4736 1948 4875 fierunt,
1997 4819 2120 4864 nec
2157 4796 2277 4864 fuit
2331 4800 2506 4884 apud
2552 4821 2673 4863 eos
2734 4820 2895 4864 vera

3167 4801 3273 4866 De
3320 4801 3423 4866 bis
3470 4799 3895 4889 generalibus
3940 4801 4496 4883 promissionibus
4542 4798 4746 4865 multa
4804 4812 4964 4866 sunt

929 4885 1058 4952 Dei
1102 4887 1467 4964 invocatio,
1511 4907 1732 4973 neque
1777 4889 2029 4973 agnitio
2066 4884 2650 4951 reconciliationis.

2997 4889 3240 4952 tradita
3283 4889 3684 4964 testimonia,
3732 4886 3967 4951 Mattb.
4003 4886 4068 4951 6.
4183 4887 4466 4950 Primum
4516 4889 4814 4973 quaerite
4862 4907 4963 4951 re-

3000 4996 3200 5062 gnum
3250 4974 3396 5051 Dei,
3440 4987 3507 5040 et
3552 4987 3818 5038 caetera
3863 4975 4279 5038 adiicieutur,
4304 4976 4493 5035 vobis
4574 4975 4627 5035 l.
4673 4973 4729 5037 T
4733 4971 4962 5038 imoth.

1099 5057 1296 5126 Aliae
1339 5059 1823 5143 promissiones
1868 5071 2026 5124 sunt
2069 5060 2390 5124 bonorum
2415 5054 2893 5143 corporalium:
2997 5065 3061 5126 4.
3152 5060 3370 5126 Pietas
3415 5061 3895 5146 promissiones
3943 5061 4140 5124 habet
4165 5062 4539 5144 praesentis
4586 5072 4651 5123 et
4698 5059 4967 5124 futurae

930 5144 1097 5213 Cum
1143 5150 1314 5211 enim
1362 5144 1552 5210 Deus
1619 5143 1994 5210 Ecclesiam
2053 5160 2388 5210 aeternam
2469 5148 2555 5208 ita
2617 5143 2895 5228 colligit,
2999 5149 3199 5211 vitae.
3290 5147 3523 5212 Matth.
3580 5148 3674 5212 10.
3766 5149 4017 5211 Omnes
4065 5141 4282 5230 capilli
4310 5147 4542 5229 capitis
4587 5147 4793 5210 vestri
4845 5149 5017 5210 nu-'·

927 5245 1002 5299 ut
1047 5236 1109 5298 in
1182 5232 1309 5299 hac
1356 5235 1487 5298 vita
1536 5254 1681 5298 eam
1745 5217 1914 5297 voce¹
1982 5230 2326 5318 Evangelii
2373 5230 2670 5296 inchoari
2707 5229 2895 5310 velit,
3000 5235 3231 5299 merati
3276 5247 3463 5312 sunt,
3530 5255 3613 5298 ne
3658 5236 3902 5299 timete.
3996 5232 4199 5299 Marci
4254 5233 4352 5296 10.
4445 5232 4652 5296 Nemo
4701 5246 4801 5296 est
4854 5234 4967 5318 qui

931 5331 999 5385 et
1045 5320 1277 5385 Filium
1323 5321 1598 5398 miserit,
1643 5330 1715 5383 ut
1759 5320 1822 5384 in
1873 5318 1999 5384 liac
2024 5321 2157 5384 vita
2184 5319 2368 5383 lieret
2416 5321 2704 5397 victima,
2756 5316 2896 5383 vult
3000 5316 3337 5405 reliquerit
3384 5322 3648 5386 domum
3695 5335 3808 5385 aut
3851 5342 4056 5404 agros
4097 5334 4368 5404 propter
4413 5341 4539 5395 me,
4585 5333 4649 5382 et
4676 5336 4967 5404 propter

928 5408 1125 5470 etiam
1172 5409 1333 5472 dare
1381 5428 1514 5484 res,
1563 5403 1896 5491 corporali
1944 5408 2117 5472 vitae
2158 5407 2605 5483 necessarias,
2651 5417 2718 5470 et
2755 5407 2892 5490 qui·
2996 5405 3457 5492 Evangelium,
3504 5407 3616 5494 qui
3660 5429 3791 5472 non
3840 5408 4105 5490 recipiet
4157 5403 4534 5488 centuplum
4600 5407 4662 5469 in
4709 5419 4967 5491 tempo-

928 5494 1075 5557 dem
1142 5507 1416 5579 propter
1481 5491 1892 5570 Ecclesiam,
1958 5505 2187 5558 servat
2230 5493 2614 5558 universnm
2679 5511 2895 5575 genus
2997 5514 3072 5558 re
3142 5493 3272 5558 boc
3339 5516 3485 5559 cum
3554 5495 4156 5580 persecutionibus,
4225 5493 4400 5556 etin
4450 5489 4674 5557 futuro
4719 5493 4961 5558 seculo

927 5577 1309 5659 humanum,
1353 5582 1626 5665 imperia
1670 5591 1738 5645 et
1781 5577 2084 5666 politias,
2131 5598 2341 5666 quare
2375 5580 2464 5643 ad
2505 5580 2895 5663 promissio·
2998 5581 3197 5646 vitam
3243 5593 3603 5648 aeternam.
3692 5581 3858 5647 Luc.
3894 5582 3958 5646 6.
4044 5577 4223 5645 Date
4267 5590 4332 5642 et
4377 5580 4642 5644 dabitur
4677 5581 4895 5645 vobis.

2999 4524 3269 4594 clesiam
3315 4529 3686 4593 subiectam
3735 4546 3891 4590 esse
3936 4527 4142 4603 cruci,
4201 4540 4264 4589 et
4304 4539 4519 4589 tamen
4567 4527 4631 4589 in
4679 4547 4761 4592 ea
4807 4525 4967 4592 Fili·
5004 4565 5009 4572 -
5068 4561 5077 4566 ·
