5892 6709
1094 845 1152 914 C
1235 843 1332 914 ‘lli
1393 843 1602 934 longa
1665 857 1769 912 est
1823 847 2362 912 commemoratio
2431 843 2495 909 in
2555 841 2878 909 Thesauri

919 934 1094 1002 libro
1180 936 1247 1000 2.
1325 931 1655 1000 Mediator
1696 932 1824 1000 Dei
1862 946 1927 998 et
1961 931 2295 998 hominum
2338 929 2526 995 lesus
2573 929 2879 995 Christus

923 1033 1047 1100 est,
1090 1042 1227 1087 non
1270 1018 1488 1086 solum
1532 1021 1689 1107 quia
1734 1015 2186 1083 reconciliavit
2212 1016 2514 1082 homines
2537 1015 2711 1094 Deo,
2759 1016 2881 1080 sed

921 1109 1146 1185 etiam,
1190 1107 1348 1192 quia
1384 1103 1773 1190 naturaliter
1817 1117 1882 1169 et
1925 1103 2449 1168 substantialiter
2493 1115 2556 1167 et
2582 1103 2768 1167 Deus
2815 1113 2883 1167 et

923 1193 1125 1259 homo
1174 1205 1279 1257 est
1321 1193 1389 1256 in
1425 1211 1558 1256 una
1599 1192 1969 1278 hypostasi.
2038 1189 2226 1269 Item,
2272 1187 2396 1253 Est
2437 1201 2659 1253 autem
2697 1187 2883 1252 Chri-

923 1291 1072 1344 stus
1136 1276 1468 1344 Mediator
1509 1276 1637 1342 Dei
1705 1288 1770 1341 et
1825 1276 2196 1354 homimuu,
2261 1277 2417 1360 quia
2481 1276 2550 1339 in
2608 1295 2691 1340 eo
2749 1294 2882 1340 uno

921 1363 1114 1431 Deus
1159 1377 1225 1430 et
1268 1362 1464 1430 homo
1511 1363 2024 1451 coniunguntur.

923 1623 1125 1686 homo
1169 1617 1476 1684 Christus
1522 1619 1746 1697 lesus,
1798 1639 1934 1683 non
1991 1621 2134 1683 sine
2182 1620 2554 1698 divinitate,
2611 1617 2767 1703 quia
2819 1617 2886 1679 in

922 1705 1076 1772 Deo
1121 1705 1322 1770 homo
1368 1716 1534 1784 erat,
1581 1718 1645 1770 et
1677 1704 1867 1770 Deus
1911 1707 1978 1769 in
2022 1703 2313 1782 homine,
2359 1715 2431 1768 ut
2475 1726 2558 1769 ex
2601 1717 2884 1787 utroque

923 1802 1108 1858 esset
1153 1790 1499 1856 Mediator.

1099 1942 1218 2011 Sic
1262 1943 1670 2030 Epiphanius
1716 1957 1783 2009 et
1805 1943 2249 2030 Hieronymus
2298 1942 2676 2029 loquuntur.
2743 1943 2888 2007 Nec

926 2030 1032 2094 his
1101 2031 1390 2116 antiquis
1446 2031 1838 2095 testimoniis
1907 2028 2313 2094 anteferatur
2375 2029 2740 2094 mutilatum
2793 2029 2887 2092 di-

929 2127 1108 2182 etum
1161 2118 1228 2181 in
1287 2117 1738 2202 Longobardo
1797 2117 2218 2181 distinctione
2281 2115 2378 2181 19.
2439 2113 2612 2180 libro
2667 2115 2884 2192 tertio,

971 2203 1108 2267 uod
1150 2223 1232 2266 ex
1269 2201 1639 2287 Augustino
1685 2204 1941 2280 citatur,
1979 2203 2157 2288 quod
2203 2203 2315 2281 ait,
2361 2200 2696 2266 Christum
2731 2221 2889 2264 esse

1001 2291 1360 2353 enatarem
1408 2290 1776 2353 secundum
1811 2287 2308 2367 humanitatem,
2353 2308 2486 2351 non
2523 2287 2890 2352 secundum

927 2373 1352 2443 divinitatem.
1448 2372 1535 2438 Et
1590 2386 1810 2438 tamen
1875 2375 1942 2438 in
2010 2375 2244 2438 eodem
2311 2371 2468 2438 loco
2527 2373 2889 2458 pugnantia
2947 2418 2950 2420 -

928 2479 1080 2524 mox
1148 2461 1468 2538 citantur,
1533 2460 1712 2524 unde
1767 2471 1922 2524 nata
1975 2470 2081 2523 est
2144 2461 2356 2524 otiosa
2416 2461 2749 2524 distinctio
2807 2460 2892 2522 de
2947 2473 2948 2477 ’

923 2543 1149 2610 Medio
1187 2558 1255 2609 et
1297 2545 1687 2610 Mediatore.
1779 2545 2098 2609 Fatentur
2143 2544 2480 2610 Christum
2525 2546 2890 2609 secundum

923 2641 1279 2716 utramque
1333 2642 1640 2695 naturam
1695 2632 1978 2696 medium
2030 2650 2215 2709 esse,
2282 2632 2404 2695 sed
2457 2629 2892 2695 Mediatorem

929 2718 1295 2780 secundum
1340 2716 1714 2780 humanam.
1803 2713 2230 2781 Manifestum
2276 2730 2377 2780 est
2434 2728 2692 2786 autem.
2740 2717 2889 2780 ideo

928 2802 1174 2866 dictum
1217 2799 1378 2865 illud
1422 2798 1836 2866 insufficiens
1882 2822 2070 2880 esse,
2121 2803 2275 2886 quia
2311 2813 2565 2866 tantum
2612 2805 2694 2865 de
2740 2821 2890 2886 pas-

927 2887 1123 2951 sione
1154 2885 1471 2973 loquitur,
1516 2909 1651 2950 non
1687 2887 1772 2950 de
1794 2888 2094 2965 victoria,
2132 2909 2267 2951 non
2302 2889 2386 2952 de
2407 2889 2891 2952 intercessione

927 2983 1288 3057 perpetua,
1349 2992 1520 3058 quae
1565 2972 1638 3035 fit
1685 2993 1910 3037 coram
1957 2970 2193 3048 Patre,
2247 2995 2380 3038 non
2429 2973 2512 3036 de
2569 2985 2892 3058 perpetua

929 3059 1439 3125 conservatione
1479 3056 1849 3123 Ecclesiae.

1099 3212 1246 3279 Nec
1289 3214 1536 3286 dictum
1581 3212 1647 3276 in
1681 3209 1985 3296 Epistola
2027 3211 2112 3276 ad
2145 3209 2555 3276 Timotheum
2601 3211 2895 3278 excludit

929 3301 1218 3366 divinam
1273 3310 1610 3375 naturam,
1677 3299 1830 3382 quia
1883 3299 2181 3362 nominat
2244 3318 2638 3382 personam:
2703 3297 2894 3362 Unus

927 3383 1258 3452 Mediator
1310 3383 1440 3450 Dei
1505 3395 1572 3450 et:
1626 3382 2001 3463 hominum,
2059 3384 2274 3450 Homo
2321 3383 2627 3449 Christus
2683 3384 2894 3448 lesuS.

931 3468 1244 3535 Christus
1287 3482 1506 3534 autem
1563 3481 1666 3533 est
1723 3490 1966 3534 nomen
2058 3491 2382 3549 ersonae,
2437 3471 2504 3534 in
2549 3491 2684 3554 qua
2741 3480 2898 3536 sunt

932 3557 1108 3622 duae
1151 3567 1451 3632 naturae,
1498 3556 1693 3639 quasi
1738 3555 1945 3618 dicat:
2039 3556 2132 3620 lic
2175 3558 2376 3621 homo
2422 3555 2731 3620 Christus
2791 3567 2896 3620 est

931 3639 1294 3720 Mediator,
1337 3661 1472 3704 non
1517 3638 1633 3704 alii
1674 3639 2013 3720 homines,
2071 3641 2415 3707 Abraham
2459 3654 2570 3705 aut
2618 3640 2898 3719 MoiseS,

931 3727 1018 3794 de
1053 3745 1187 3812 quo
1233 3727 1430 3792 etiam
1474 3727 1794 3809 scriptum
1850 3738 1957 3790 est
1999 3726 2200 3791 Deut.
2251 3729 2313 3792 5.
2403 3725 2550 3812 Ego
2606 3728 2758 3791 steti
2802 3728 2897 3790 in·

931 3823 1036 3880 ter
1093 3811 1310 3878 Deum
1366 3824 1434 3877 et
1491 3833 1617 3876 vos
1674 3822 1800 3877 etc.
1891 3811 2026 3876 Sed
2082 3811 2190 3876 hic
2242 3814 2482 3879 unicus
2547 3811 2721 3876 filius
2768 3812 2898 3875 Dei

935 3911 1040 3966 est
1103 3897 1467 3978 Mediator,
1539 3899 1694 3984 quia
1748 3895 1858 3962 hic
1909 3909 2256 3984 assumpta
2309 3911 2546 3964 natura
2609 3897 2899 3963 humana

933 3995 1038 4052 est
1101 3986 1513 4072 propitiator.
1599 3983 1752 4049 Non
1811 3983 2014 4070 igitur
2071 3985 2223 4049 inde
2281 3987 2613 4072 sequitur,
2680 3983 2895 4048 solam

935 4083 1234 4136 naturam
1278 4070 1632 4136 humanam
1676 4071 2121 4134 mediatricem
2167 4090 2342 4136 esse.

1109 4225 1266 4290 ldeo
1309 4237 1378 4292 et.
1415 4225 1870 4289 enarrationes
1915 4235 2210 4289 veterum
2252 4235 2560 4302 monent,
2602 4242 2737 4288 non
2785 4242 2894 4286 ex-

937 4309 1112 4384 cludi
1173 4311 1460 4376 divinam
1525 4321 1848 4374 naturam.
1950 4310 2055 4374 Ac
2117 4310 2354 4387 miror,
2424 4329 2591 4394 quas
2653 4329 2895 4372 causas

934 4415 1090 4462 esse
1137 4397 1452 4482 cogitent,
1497 4416 1617 4460 cur
1662 4396 1833 4460 duae
1877 4407 2152 4460 naturae
2193 4397 2417 4459 unitae
2446 4397 2601 4472 sint,
2648 4397 2757 4480 qui
2788 4416 2897 4459 so-

933 4479 1066 4548 lam
1109 4479 1464 4548 humanam
1507 4494 1814 4548 naturam
1838 4483 2241 4545 contendunt
2267 4501 2420 4544 esse
2444 4478 2896 4545 Mediatricem
2946 4525 2948 4528 ψ

935 4583 1004 4634 ct
1049 4566 1610 4652 Redemptricem,
1658 4581 1842 4632 certo
1886 4588 2021 4631 non
2068 4564 2318 4632 frustra
2361 4564 2538 4631 facta
2583 4578 2686 4630 est
2731 4565 2900 4630 haec

937 4651 1294 4738 copulatio,
1381 4653 1524 4719 Nec
1579 4649 1830 4717 frustra
1875 4653 2116 4718 dictum
2175 4664 2311 4716 est:
2381 4651 2496 4717 Sic
2555 4653 2744 4716 Deus
2805 4653 2899 4716 di-

931 4737 1099 4805 lexit
1140 4741 1486 4816 mundum,
1546 4751 1618 4804 ut
1662 4737 1896 4804 Filium
1954 4740 2361 4827 unigenitum
2418 4738 2626 4802 daret.
2715 4738 2897 4816 Item,
2945 4748 2948 4757 ”

939 4823 1069 4898 Qui
1100 4835 1377 4909 propter
1420 4845 1549 4888 nos
1577 4825 1903 4905 homineS,
1948 4836 2017 4891 et
2059 4836 2335 4911 propter
2378 4836 2676 4890 nostram
2723 4822 2902 4887 salu·
2961 4858 2962 4863 κ

935 4921 1072 4978 tem
1105 4911 1455 4976 descendit
1488 4913 1572 4976 de
1617 4909 1849 4976 coelis.

1109 5069 1180 5131 ln
1206 5061 1516 5128 Stancari
1559 5065 1811 5146 scripto
1854 5065 2178 5151 quaedam
2224 5065 2421 5129 etiam
2465 5065 2547 5127 de
2591 5061 2902 5127 iustifica-

935 5151 1120 5217 tione
1161 5152 1575 5227 inseruntur,
1646 5151 1754 5212 ubi
1820 5162 2035 5216 tamen
2099 5170 2232 5215 non
2281 5151 2600 5216 recitatur
2643 5150 2904 5234 integra

939 5237 1244 5302 doctrina
1307 5237 1392 5302 de
1457 5255 1538 5298 eo
1605 5233 1906 5301 articulo.
2015 5236 2229 5302 Nobis
2293 5249 2515 5301 autem
2592 5257 2902 5324 magnum

941 5325 1229 5405 crimen,
1293 5323 1414 5388 scd
1481 5317 1658 5388 falso
1717 5322 1976 5400 obiicit,
2038 5322 2152 5386 Ait
2201 5334 2490 5385 nostram
2537 5321 2904 5387 doctrinam

939 5427 1022 5472 ex
1065 5407 1432 5498 pelagiana
1467 5417 1836 5475 extructam
1879 5427 2052 5472 esse.
2140 5407 2385 5472 Extant
2427 5404 2905 5473 consessiones

941 5497 1434 5560 consentientes
1481 5494 1828 5562 multarum
1871 5489 2326 5559 Ecclesiarum
2385 5506 2761 5559 nostrarum
2821 5495 2906 5558 dc

939 5581 1316 5668 praecipuis
1387 5579 1738 5662 Articulis,
1797 5600 1967 5666 quas
2025 5599 2158 5644 nou
2207 5579 2434 5644 dubito
2483 5599 2678 5644 veras
2729 5599 2932 5644 esses

2163 655 2390 722 PHIL.
2435 653 2643 720 MEL.
2689 651 3069 718 SCRIPTA
3100 648 3678 718 DOGMATICA.1

4826 643 5017 738 ιω,

2980 845 3129 927 Ipse
3172 840 3331 927 quid
3367 839 3628 917 sentiat,
3680 847 3747 903 et
3783 835 3973 902 cuius
4018 831 4369 900 Ecclesiae
4414 833 4583 899 civis
4630 833 4741 914 sit,
4782 855 4958 900 non·

2985 931 3137 992 dum
3184 927 3453 992 scimus.
3526 926 3588 990 Si
3634 921 3918 1009 publicis
3956 923 4217 1006 scriptis
4256 922 4669 1006 oppugnabit
4712 921 4961 986 doctri·

2983 1036 3136 1080 nam
3180 1010 3631 1077 Ecclesiarum
3674 1021 4076 1084 nostrarum,
4126 1027 4257 1071 non
4305 1008 4584 1071 deerunt
4628 1009 4739 1093 qui
4780 1009 4960 1072 veri-

2982 1112 3180 1164 tatem
3228 1099 3397 1164 tueri
3442 1099 3826 1175 studebunt,
3868 1114 3994 1159 nec
4039 1093 4550 1158 deterrebantur
4574 1093 4713 1160 eius
4745 1091 4959 1158 male-

2985 1186 3292 1250 dicentia.

3160 1371 3347 1436 Haec
3390 1369 3629 1454 scripsi
3674 1389 3825 1434 meo
3870 1368 4154 1432 nomine.
4212 1365 4383 1431 Nam
4427 1364 4575 1432 aliis
4620 1357 4967 1434 attrahere

2929 1451 2930 1459 ¹
2988 1459 3348 1524 certamina
3394 1478 3544 1521 cum
3580 1456 3846 1519 homine
3888 1451 4216 1517 maledico
4261 1474 4394 1517 non
4439 1452 4640 1518 volui.
4730 1450 4967 1520 Causa

1093 1533 1526 1598 Ambrosius:
1577 1532 1662 1598 Ut
1683 1532 2012 1598 Mediator
2032 1531 2159 1596 Dei
2207 1545 2274 1598 et
2314 1530 2651 1596 hominum
2678 1541 2885 1608 esset,
2940 1531 2941 1543 ¹

2986 1545 3159 1610 haec
3204 1539 3616 1626 amplissima
3662 1552 3803 1619 est,
3850 1551 3916 1604 et
3958 1537 4201 1603 multas
4258 1539 4692 1624 gravissimas
4730 1539 4967 1622 dispu-

2989 1631 3275 1694 tationes
3315 1629 3627 1704 continet,
3672 1647 3948 1711 quarum
3984 1623 4337 1710 explicatio
4384 1622 4672 1689 illustrat
4708 1625 4967 1690 doctri·

2988 1723 3138 1780 nam
3163 1716 3248 1779 de
3270 1712 3439 1777 Filio
3463 1711 3613 1782 Dei,
3660 1725 3729 1776 et
3750 1709 3922 1776 utilis
3960 1723 4059 1774 est
4084 1710 4169 1774 ad
4190 1707 4731 1794 :consolationem
4769 1721 4839 1774 et
4871 1711 4967 1775 ad

2989 1801 3501 1865 invocationem.
3561 1796 3757 1862 Nunc
3803 1808 4019 1862 autem
4058 1793 4153 1860 fui
4188 1797 4475 1873 brevior,
4521 1807 4588 1860 et
4629 1796 4967 1879 quaedam

3039 1887 3323 1962 raeterii,
3370 1886 3522 1970 quia
3558 1883 3753 1948 video
3802 1883 4123 1968 quosdam
4168 1883 4462 1969 undique
4504 1880 4799 1963 arripere
4850 1901 4967 1945 ca-

2990 1909 3348 2036 fumniandi
3408 1970 3852 2034 occasionem.
3961 1968 4106 2031 Nec
4163 1988 4327 2032 vero
4387 1964 4655 2052 defugio
4713 1965 4967 2032 iudicia

2991 2054 3485 2135 Ecclesiarum,
3547 2069 3613 2119 et
3670 2055 3953 2118 maxime
4016 2054 4298 2137 optarim
4361 2055 4445 2117 de
4488 2049 4709 2118 multis
4752 2053 4967 2116 rebus

2994 2141 3286 2228 colloqui
3331 2164 3437 2207 me
3480 2161 3685 2224 posse
3708 2162 3855 2204 cum
3901 2136 4201 2224 pluribus
4238 2139 4399 2204 viris
4436 2140 4650 2204 doctis
4696 2149 4762 2202 et
4804 2138 4965 2220 piiS,

2992 2232 3105 2315 qui
3148 2230 3293 2294 sine
3336 2228 3699 2294 acerbitate
3742 2226 4107 2291 animorum
4152 2225 4513 2290 sententias
4550 2221 4963 2289 conferrent.

3165 2414 3462 2480 Subiicio
3505 2414 3705 2500 igitur
3747 2422 3815 2477 et
3857 2413 4224 2494 meipsum,
4271 2422 4336 2475 et
4370 2411 4588 2476 omnia
4614 2428 4760 2474 mea
4794 2411 4970 2475 scri-

3038 2513 3141 2580 ta,
3202 2515 3269 2567 et
3320 2499 3500 2565 hanc
3556 2502 3768 2583 ipsam
3825 2499 4327 2583 responsionem
4382 2496 4621 2560 iudicio
4666 2497 4969 2562 omnium

3054 2586 3487 2666 eclesiarum,
3540 2606 3713 2670 quae
3756 2583 4218 2669 Augustanam
4275 2582 4762 2647 confessionem
4822 2602 4969 2646 am·

2994 2671 3407 2758 plectuntur,
3464 2683 3531 2736 et
3576 2692 3698 2736 oro
3754 2668 3989 2734 Filium
4045 2668 4196 2746 Dei,
4254 2667 4607 2733 Dominum
4654 2678 4969 2734 nostrum

2995 2760 3210 2824 lesum
3258 2756 3615 2834 Christum,
3659 2754 3879 2821 Deum
3924 2767 3989 2819 et
4034 2755 4387 2831 hominem,
4435 2753 4543 2839 qui
4587 2754 4775 2817 dixit:
4826 2752 4967 2818 Ve-

2993 2846 3133 2910 nite
3178 2845 3262 2908 ad
3308 2864 3412 2906 me
3459 2862 3729 2920 onmes,
3788 2843 3897 2928 qui
3952 2838 4271 2905 laboratis
4318 2851 4382 2903 et
4442 2840 4700 2903 onerati
4758 2839 4959 2918 estis,

2997 2942 3061 2995 et
3105 2950 3233 3015 ego
3280 2928 3575 2993 reficiam
3620 2949 3779 3006 vos,
3843 2942 3911 2992 ut
3968 2946 4233 3010 semper
4275 2922 4654 2991 Ecclesiam
4706 2926 4838 2989 sibi
4898 2925 4967 2989 in

2995 3017 3098 3081 his
3144 3015 3530 3100 regionibus
3570 3011 3842 3100 colligat
3888 3024 3956 3080 et
3998 3015 4360 3100 gubernet,
4420 3023 4487 3075 et
4542 3030 4668 3075 nos
4719 3011 4997 3096 doceat-

2996 3115 3063 3167 et
3106 3113 3323 3190 regat,
3362 3097 3601 3165 Amen.

3646 3286 3931 3371 Scripsit
3974 3305 4171 3350 manu
4214 3285 4485 3367 propria
4527 3281 4883 3367 Philippus

3720 3370 4148 3447 Melanthon,
4214 3372 4282 3433 in
4348 3372 4453 3434 die
4505 3368 4706 3434 Festo
4776 3369 4883 3432 lo·

3717 3458 3959 3523 hannis
3997 3457 4367 3540 Baptistae,
4411 3457 4479 3519 in
4522 3476 4679 3520 arce
4700 3453 4884 3519 Des·

3723 3544 3969 3609 salinsi.
4016 3540 4107 3604 M.
4153 3540 4243 3606 D.
4285 3540 4452 3607 Llll.

3749 3881 4217 3955 QUAESTIO.

3172 4055 3315 4134 An,
3385 4054 3558 4119 sicut
3616 4074 3777 4117 vera
3838 4066 3943 4117 est
4008 4052 4407 4139 propositio,
4476 4048 4789 4115 Christus
4864 4066 4976 4119 est

2999 4154 3296 4206 mortuus
3320 4141 3689 4206 secundum
3711 4151 4012 4204 naturam
4038 4139 4410 4215 humanam,
4433 4158 4567 4200 non
4594 4138 4977 4204 secundum

3000 4228 3283 4292 divinam
3329 4238 3661 4291 naturam:
3721 4227 3810 4289 ita
3854 4227 3940 4289 sit
3987 4246 4147 4290 vera
4189 4224 4589 4309 propositiO,
4649 4220 4975 4289 Christus

3000 4325 3103 4378 est
3146 4313 3473 4378 Mediator
3528 4309 3795 4377 tantum*
3823 4313 4189 4386 secundum
4234 4321 4535 4374 naturam
4577 4307 4971 4389 humanam,

3000 4421 3130 4464 non
3177 4400 3543 4463 secundum
3584 4409 3938 4481 utramque
3982 4408 4305 4461 naturam.
4396 4395 4501 4458 An
4548 4415 4711 4458 vero
4772 4394 4969 4459 diffc-

2999 4486 3213 4549 rentia
3278 4487 3365 4549 sit
3432 4486 3605 4548 inter
3658 4483 4151 4567 propositiones
4212 4501 4381 4566 quae
4449 4478 4813 4565 loquuntur
4883 4481 4976 4545 de

2955 4649 2958 4653 Δ
2999 4571 3512 4654 proprietatibus
3558 4571 3752 4632 unius
3797 4579 4099 4645 naturae,
4147 4581 4211 4631 et
4244 4564 4415 4630 alias
4444 4565 4977 4649 propositioneS,

3001 4677 3171 4743 quae
3214 4654 3576 4741 loquuntur
3620 4656 3704 4717 de
3748 4651 3995 4734 officio,
4045 4653 4222 4739 quod
4259 4653 4569 4717 convenit
4608 4670 4977 4736 personae,

3001 4757 3075 4808 ut
3119 4741 3425 4807 Christus
3472 4752 3577 4805 est
3619 4737 3790 4817 Rex,
3836 4741 4203 4806 secundum
4246 4750 4594 4823 utramque
4635 4748 4976 4803 naturam.

3717 5027 3875 5095 Alia
3921 5027 4262 5102 Quaestio.

3178 5219 3285 5284 An
3332 5218 3643 5284 Christus
3685 5229 3934 5283 tantum
3982 5219 4061 5282 sit
4090 5215 4421 5296 Salvator,
4465 5216 4619 5301 quia
4660 5218 4983 5299 partitur,

3008 5317 3071 5370 et
3115 5327 3247 5370 non
3306 5327 3387 5370 eo
3434 5305 3610 5390 quod
3661 5304 3858 5371 simul
3904 5305 3987 5369 sit
4032 5302 4308 5383 efficax,
4364 5323 4451 5368 an
4508 5301 4595 5367 sit
4652 5301 4987 5370 Salvator

3006 5394 3241 5458 merito
3287 5403 3351 5458 et
3399 5391 3716 5457 efficacia.

3772 5577 3922 5644 Deo
3968 5577 4218 5645 Gratia.
