5892 6709
461 680 526 748 ool

463 891 549 959 quae
565 866 811 957 loquunturde
832 866 954 945 ventis,
974 876 1032 931 aut
1053 862 1127 929 aliis
1149 864 1295 928 motibus
1307 863 1442 942 creatis,

461 961 505 1023 ab
527 953 602 1023 aliis
625 957 736 1034 dictis,
758 975 843 1040 quae
865 970 1008 1018 necesse
1029 963 1082 1016 est
1099 946 1238 1035 intelligi
1261 951 1304 1014 de
1325 969 1443 1033 perso·

461 1065 507 1110 na
527 1062 613 1131 quae
635 1038 796 1128 singulari
815 1041 927 1126 specie
949 1034 1118 1124 patefacta
1140 1047 1210 1115 est,
1232 1036 1364 1101 cumin
1385 1037 1443 1099 ba·

460 1130 585 1217 ptlsmo
607 1126 732 1194 Christi
754 1128 953 1199 discernitur
973 1145 995 1190 a
1015 1122 1117 1188 Patra
1139 1134 1173 1188 et
1194 1142 1216 1187 a
1236 1119 1330 1186 Filio.

548 1299 622 1365 Etsi
654 1300 756 1404 igitur
783 1297 947 1375 doctrina,
977 1315 1067 1444 puae
1099 1293 1252 1359 adfirmat
1273 1304 1342 1357 tres
1365 1309 1444 1364 esse

461 1404 635 1474 personas·
648 1386 789 1463 divinas,
812 1382 957 1459 Patrem,
1002 1377 1107 1459 ilium,
1135 1392 1167 1444 et
1188 1379 1346 1464 Spiritum
1367 1397 1445 1441 san·

463 1484 574 1551 ctum,
606 1468 707 1536 valde
739 1471 823 1535 mira
855 1479 919 1547 est,
951 1477 985 1531 et
1016 1463 1135 1552 procul
1166 1487 1276 1551 supra
1289 1476 1323 1531 et
1350 1473 1445 1530 extra

463 1568 681 1640 conspectum
703 1558 846 1622 omnium
870 1564 1097 1624 creaturarum
1113 1554 1235 1636 posita,
1257 1563 1365 1616 tamen
1388 1569 1445 1614 ne·

463 1664 562 1711 cesse
583 1654 636 1708 est
658 1644 701 1707 da
723 1642 797 1707 Deo
815 1641 952 1716 sentire,
983 1640 1072 1704 sicut
1094 1658 1133 1703 se
1153 1635 1321 1723 patefecit,
1354 1637 1445 1701 iuxta

460 1727 543 1796 illud
575 1730 767 1794 mandatum
797 1737 966 1792 aeternum
999 1737 1033 1790 et
1065 1728 1246 1803 immotum,
1268 1722 1365 1788 llunc
1386 1741 1446 1786 au·

464 1816 542 1881 dite.
587 1814 673 1880 lluic
705 1814 861 1878 mandato
895 1814 1176 1896 obtemperemus,
1209 1822 1243 1875 et
1264 1817 1300 1875 ut
1317 1804 1444 1872 Paulus

462 1902 582 1986 inquit,
604 1900 808 1986 Redigamus
826 1909 953 1963 mentes
974 1900 1007 1962 in
1031 1898 1266 1982 captivitatem,
1291 1895 1324 1958 in
1347 1895 1445 1957 obse·

464 1989 576 2075 quium
598 1985 685 2064 Deo,
719 2000 751 2050 et
784 1985 973 2050 testimonia
994 2005 1073 2069 pers
1098 1985 1172 2047 icua
1193 1980 1447 2067 amplectamur,

464 2094 529 2140 nec
551 2075 699 2139 sinamus
721 2092 762 2138 ea
783 2070 977 2158 sophisticis
1000 2071 1073 2136 cav'
1101 2070 1267 2134 ationibus
1293 2063 1390 2133 eludi.

699 2442 877 2510 PRIMUM
898 2441 1212 2511 TESTIMONIUM.

553 2668 606 2734 Sit
626 2669 727 2753 igitur
743 2668 882 2750 primum
904 2664 972 2729 hoc
992 2666 1231 2745 testimonium,
1265 2666 1448 2730 ostendens

467 2754 624 2840 Spiritum
646 2765 800 2818 sanctum
830 2772 908 2816 esse
929 2772 1118 2836 personam,
1140 2750 1287 2831 scilicet,
1322 2749 1447 2836 patefa-

467 2842 535 2907 ctio
569 2840 749 2905 divinitatis
782 2838 816 2902 in
850 2840 1014 2921 baptismo
1049 2836 1185 2917 Christi,
1207 2840 1264 2902 ubi
1286 2834 1378 2904 clare
1400 2838 1447 2902 di·

466 2939 667 2992 scernuntur
684 2936 752 2988 tres
775 2943 950 3007 personae.
1016 2922 1117 2988 Pater
1148 2925 1267 3008 inquit:
1303 2924 1366 2987 llic
1395 2933 1448 2987 est

464 3011 570 3078 Filius
591 3031 685 3077 meus
708 3010 861 3076 dilectus.
926 3011 988 3075 Est
1009 3012 1107 3095 igitur
1128 3007 1193 3074 alia
1215 3030 1361 3094 persona
1384 3010 1448 3073 Pa·

465 3102 540 3179 tris,
572 3096 639 3162 alia
660 3095 745 3161 Filii.
806 3096 1123 3161 Descenditautem
1147 3097 1286 3179 Spiritus
1300 3106 1448 3166 ,sanctus

465 3185 500 3254 in
522 3187 637 3270 specie
659 3179 844 3247 columbae.
889 3183 957 3247 lam
979 3184 1009 3246 si
1031 3183 1173 3266 Spiritus
1197 3194 1335 3247 sanctus
1359 3191 1449 3247 esset

464 3273 603 3357 agitatio
625 3272 660 3334 in
694 3271 811 3333 animis
845 3281 970 3347 creata,
1002 3290 1070 3332 non
1092 3270 1268 3351 adpareret
1289 3268 1449 3352 peculiari

465 3358 579 3440 specie
602 3355 781 3439 corporali,
804 3356 881 3439 quia
902 3375 969 3419 non
992 3366 1084 3418 esset
1100 3367 1346 3433 extramentes,
1368 3375 1449 3439 qua·

466 3464 539 3507 rum
562 3454 655 3507 osset
677 3442 845 3505 accidens.
890 3442 959 3505 Ant
981 3443 1011 3506 si
1032 3453 1124 3506 esset
1146 3442 1217 3526 ipse
1236 3441 1351 3520 Pater,
1381 3459 1448 3503 non

467 3529 674 3594 discemeret
694 3529 848 3611 Spiritum
870 3540 1032 3592 sanctum.
1060 3527 1169 3612 lnquit
1189 3538 1317 3592 autem:
1341 3526 1450 3611 Super

469 3634 569 3699 quam
586 3612 710 3678 videris
734 3611 892 3696 Spiritum
914 3625 1077 3677 sanctum.

668 3968 915 4036 SECUNDUM
942 3968 1252 4037 TES'l'lliIONlUM.

555 4210 715 4277 Secundo
739 4225 878 4299 apparet
898 4212 1060 4297 peculiari
1083 4216 1197 4298 specie
1208 4213 1351 4298 Spiritus
1375 4233 1451 4277 san·

470 4311 545 4364 ctus
568 4300 600 4364 in
624 4301 837 4379 Pentecoste,
861 4322 959 4386 quem
983 4312 1115 4364 constat
1144 4297 1233 4363 clare
1263 4300 1408 4364 discemi
1431 4319 1452 4362 a

467 4384 570 4450 Patre
593 4397 625 4450 et
648 4387 744 4467 Filio,
767 4388 844 4471 quia
867 4400 965 4451 antea
985 4386 1087 4450 Filius
1111 4387 1206 4449 dixit:
1228 4384 1371 4472 Rogabo
1392 4406 1450 4469 pa·

468 4481 554 4536 trem
577 4482 611 4536 et
631 4471 729 4537 alium
753 4470 957 4558 paracletum
977 4474 1066 4537 dabit
1082 4474 1187 4538 vobis,
1234 4472 1327 4537 llaec
1349 4474 1451 4558 igitur

468 4577 627 4642 persona,
650 4561 787 4644 quaein
807 4561 1009 4625 Pentecoste
1027 4560 1230 4643 conspicitur
1258 4571 1292 4624 et
1314 4558 1451 4624 effundi·

468 4656 523 4709 tur
546 4645 579 4708 in
602 4645 807 4730 Apostolos,
836 4660 889 4712 est
910 4668 1056 4731 persona
1078 4647 1232 4711 distincta
1253 4667 1274 4711 a
1295 4646 1395 4711 Patre
1418 4655 1452 4709 et

469 4750 490 4795 a
522 4726 617 4795 Filio.
672 4731 716 4795 Et
737 4754 813 4797 cum
834 4734 1022 4800 sanctificet
1040 4745 1073 4798 et
1095 4732 1251 4811 vivificet,
1273 4744 1327 4798 est
1348 4732 1451 4797 omni·-

468 4827 601 4901 potens

556 4986 676 5057 Similis
709 4988 887 5074 patefactio
919 4993 969 5056 in'
984 4993 1083 5058 domo
1106 4989 1253 5057 Cornelii
1274 4989 1365 5057 iacta
1387 5001 1449 5057 est.

467 5074 541 5143 Nec
572 5088 821 5161 praetereamus
855 5080 952 5144 otiosi
984 5080 1048 5144 has
1080 5077 1333 5163 patefactiones,
1364 5079 1452 5143 sicut

468 5163 613 5230 maxima
645 5185 725 5249 pars
758 5168 891 5248 generis
925 5163 1057 5231 humani
1087 5167 1153 5230 eas‘
1168 5167 1337 5250 praeterit,
1360 5166 1451 5250 quod

467 5248 671 5315 horrendum
693 5261 727 5316 et
748 5250 987 5334 deplorandum
1011 5262 1072 5316 cst
1102 5251 1170 5319 Sed
1192 5255 1338 5318 sciamus
1360 5250 1449 5317 hanc

467 5336 576 5421 ipsam
598 5340 641 5402 ob
664 5358 800 5403 causam
822 5335 930 5403 iactas
953 5358 1040 5416 esse,
1063 5340 1139 5422 quia
1156 5340 1250 5425 licus
1273 5361 1311 5405 se
1333 5335 1451 5403 Eccle-

469 5423 542 5488 siae
569 5442 653 5489 suae
680 5426 871 5505 ostendere,
890 5436 923 5490 ct
940 5426 1037 5489 nobis
1061 5438 1154 5490 certa
1176 5427 1365 5493 testimonia
1386 5435 1452 5490 tra·

469 5508 551 5575 dere
572 5507 689 5577 voluit.
742 5511 870 5580 Horum
900 5512 1103 5599 cogitatione
1125 5513 1225 5598 igitur
1245 5534 1309 5579 nos
1332 5510 1453 5580 confir·

468 5614 608 5664 memus.

993 736 997 747 .
1065 609 1820 740 rnuuruscmmaoocuancs
2261 749 2268 762 .

1720 850 1919 920 rssrnm
1939 809 2272 961 rrsrntomun(

1582 1043 1729 1109 Tertium
1750 1040 1995 1119 testimonium,
2018 1049 2070 1104 est
2093 1040 2101 1057 ⁸
2185 1036 2339 1121 baptismi
2360 1035 2482 1120 forma,

1497 1149 1596 1217 quam
1613 1127 1716 1194 Filius
1724 1125 1790 1193 Dei
1809 1128 1820 1191 i
1863 1146 1882 1190 e
1903 1126 2047 1204 tradidit,
2069 1126 2102 1189 iu
2126 1144 2187 1190 ens
2203 1124 2364 1209 baptisari
2375 1123 2483 1192 homi-

1496 1238 1558 1283 nes
1580 1216 1614 1280 in
1637 1234 1777 1292 nomen,
1809 1213 1820 1276 i
1865 1222 1933 1291 est,
1962 1211 1997 1275 in
2019 1211 2220 1296 agnitionem
2241 1220 2276 1276 et
2295 1211 2483 1286 invocatio·

1496 1323 1572 1369 nem
1595 1301 1659 1366 Dei
1681 1299 1806 1372 Patris,
1829 1294 1921 1375 Filii,
1949 1307 1982 1361 et
2002 1296 2147 1380 Spiritus
2169 1296 2290 1361 sancti.
2332 1295 2371 1362 ld
2393 1295 2484 1370 enim

1497 1386 1663 1475 significat
1683 1383 1769 1450 hacc
1789 1384 1981 1451 admiranda
1992 1382 2176 1468 protessio:
2194 1380 2269 1469 Ego
2286 1383 2481 1470 bapthote,

1496 1477 1530 1541 id
1553 1485 1623 1553 est,
1652 1468 1754 1538 abluo
1778 1481 1829 1550 te,
1867 1479 1906 1536 ut
1926 1468 2085 1534 testificer
2106 1469 2167 1534 tibi
2186 1469 2306 1533 remitti
2328 1479 2483 1554 peccata,

1498 1572 1531 1627 et
1553 1571 1588 1625 te
1610 1558 1713 1643 recipi
1736 1555 1868 1622 abhoc
1892 1575 1973 1620 vero
1997 1554 2072 1619 Deo
2099 1564 2195 1641 patre
2216 1551 2353 1619 Domini
2373 1555 2484 1622 nostri

1498 1647 1574 1712 lesu
1596 1643 1738 1722 Christi,
1771 1643 1827 1727 qui
1849 1651 1883 1705 te
1904 1641 2021 1723 recipit
2066 1651 2181 1724 ropter
2202 1637 2335 1719 Filium,
2355 1638 2483 1706 exhibi-

1498 1744 1566 1799 tum
1589 1734 1705 1818 generi
1726 1728 1891 1805 humano,
1914 1738 1949 1792 ut
1968 1727 2011 1791 sit
2053 1725 2215 1805 lediator,
2238 1736 2271 1791 at
2293 1725 2432 1792 effundit
2447 1727 2484 1794 ln

1497 1831 1531 1884 te
1553 1816 1711 1903 Spiritum
1728 1826 1900 1891 sanctum,
1932 1813 1987 1897 qui
2009 1810 2196 1877 inchoatio
2218 1812 2344 1877 nostrin
2365 1812 2484 1880 meut-

1498 1907 1563 1971 bus
1595 1922 1719 1968 novam
1747 1911 1782 1966 et
1812 1910 1984 2002 aeternam
2006 1898 2161 1963 iustitiam
2184 1908 2219 2001 et
2239 1900 2351 1964 vitam.
2396 1895 2484 1968 Con

1498 1984 2485 2153 libidini?‘'tittlttt‘tttittttatt‘ib

1498 2161 1527 2226 si
1545 2173 1637 2226 esset
1659 2160 1758 2225 Pater
1779 2168 1837 2222 aut
1857 2152 1972 2235 Filius,
1994 2177 2015 2220 a
2040 2156 2127 2220 itans
2149 2167 2242 2222 motu
2265 2167 2391 2236 creato,
2412 2175 2485 2224 noa

1499 2258 1590 2312 esset
1611 2244 1707 2312 tertio
1729 2244 1808 2309 loco
1827 2243 1987 2308 recitatus
2010 2178 2172 2326 §phitom
2195 2253 2353 2328 tanquam
2373 2263 2396 2308 o
2416 2239 2484 2310 Pa·

1498 2344 1549 2398 tre
1581 2345 1638 2398 aut
1660 2328 1744 2396 Filio
1776 2329 2035 2407 discernendus,
2068 2330 2097 2393 si
2119 2324 2275 2393 videlicet
2297 2339 2389 2395 esset
2403 2329 2485 2416 ,ipae

1499 2418 1600 2484 Pater
1621 2418 1753 2505 agitans
1775 2426 1833 2481 aut
1853 2413 1989 2500 agitatio
2012 2424 2125 2480 creata
2145 2416 2180 2479 in
2200 2413 2344 2482 homins.

1586 2586 1718 2652 Deinde
1749 2544 1824 2651 crim
1846 2585 1931 2650 baec
1952 2585 2026 2671 ipsa
2046 2582 2155 2650 forma
2174 2585 2331 2670 baptismi
2360 2586 2484 2654 docem

1499 2676 1625 2759 pariter
1658 2675 1816 2739 invocare
1838 2672 1996 2753 Spiritum
2018 2682 2188 2750 sanctum,
2222 2692 2298 2736 curn
2324 2670 2429 2739 Patre
2450 2683 2484 2740 ct

1500 2760 1602 2839 Filio,
1634 2760 1771 2844 pariter.
1790 2760 1820 2823 ei
1842 2758 1955 2822 tribuit
1977 2758 2258 2841 omnipotentiam.
2302 2756 2398 2825 llaec
2420 2759 2484 2825 tria

1500 2848 1691 2912 testimonia
1723 2844 1752 2908 si
1784 2845 1838 2929 pie
1872 2843 2137 2922 considerentur,
2171 2841 2265 2908 firma
2288 2854 2322 2908 et
2340 2841 2487 2912 ‚illustria

1501 2954 1579 2999 esse
1600 2929 1835 3017 intelligemus.
1867 2930 1953 2993 Nam
1977 2942 2069 2994 certe
2091 2927 2347 3015 patelactiones,
2371 2931 2406 2995 iu
2427 2933 2486 2998 ba·

1524 3023 1622 3085 tismo
1645 3016 1782 3092 Christi,
1809 3026 1844 3081 et
1864 3015 1897 3079 in
1917 3014 2136 3094 Pentecoste,
2169 3036 2237 3080 non
2260 3027 2340 3081 sunt
2361 3013 2486 3083 trusus

1500 3042 1622 3170 iactae.
1664 3103 1763 3168 Nunc
1795 3103 1954 3167 addemus
1988 3113 2022 3168 et
2055 3103 2144 3167 dicta
2165 3114 2257 3167 certo
2279 3101 2423 3181 Christi,
2452 3104 2487 3168 in

1501 3194 1624 3277 quibus·
1649 3191 1783 3340 proprie
1814 3189 1856 3252 dc
1877 3188 1942 3253 hac
1963 3208 2110 3272 persona
2132 3189 2366 3269 concionatur,
2399 3206 2488 3276 quac

1501 3280 1688 3343 nominatur
1738 3276 1855 3360 piritus
1877 3287 2027 3339 sanctus.
2057 3351 2059 3355 μ

1703 3478 1930 3555 ¹QUAR'l'Ulil
1959 3475 2277 3543 TES'l'lblONthl.

1590 3667 1704 3734 lohan.
1729 3669 1780 3731 lt.
1824 3667 1876 3733 Ro
1902 3671 1967 3734 abo
1988 3669 2133 3746 Patrem,
2157 3678 2191 3731 et
2213 3663 2488 3754 aliumparacla-

1503 3767 1573 3821 tum
1595 3757 1686 3820 dabit
1707 3755 1815 3819 vobis.
1860 3687 1944 3819 (ium
1966 3754 2026 3832 ait,
2051 3751 2182 3833 Alium,
2204 3755 2363 3820 discernit
2384 3776 2407 3820 a
2424 3755 2488 3822 Pa·

1505 3855 1555 3907 tre
1577 3852 1611 3906 et
1632 3839 1727 3919 Filio,
1743 3839 1833 3905 hunc
1855 3837 2069 3924 paracletum.
2102 3838 2179 3903 Non
2200 3841 2299 3925 igitur
2318 3829 2489 3928 significat

1506 3929 1530 3993 S
1554 3929 1647 3993 iritus
1679 3929 1787 4012 ipsum
1810 3925 1944 3991 Patrem
1966 3926 2164 4011 agitantem,
2196 3928 2373 3993 nonenim
2395 3938 2490 3996 esset

1504 3952 1614 4093 Alius,
1638 4034 1701 4078 nec
1723 4011 1889 4161 significat
1909 4013 2123 4099 agitationem
2136 4024 2292 4094 creatam,
2313 4016 2491 4081 nonenim

1504 4102 1689 4165 mitteretur
1710 4121 1731 4164 a
1770 4096 1847 4177 ilio,
1871 4100 1901 4163 si
1923 4110 2013 4163 esset
2036 4098 2138 4162 Pater
2159 4100 2307 4184 agitans,
2336 4111 2393 4166 aut
2416 4111 2490 4166 tao·

1504 4200 1572 4252 tum
1605 4207 1622 4249 a
1650 4186 1742 4250 itatio
1777 4195 1891 4249 creata
1923 4206 1943 4249 a
1971 4183 2083 4248 Patre.
2127 4183 2173 4249 At
2193 4183 2350 4253 Christus
2380 4186 2490 4273 inquii

1503 4271 1573 4337 ioh.
1598 4207 1648 4336 l5g.
1679 4269 1762 4336 Cum
1784 4272 1912 4336 venerit
1928 4267 2132 4354 paracletus,
2154 4291 2251 4357 qoem
2273 4292 2338 4421 ego
2360 4272 2491 4340 mittam

1503 4360 1600 4425 vobis
1624 4380 1644 4422 a
1665 4357 1777 4437 Patre,
1813 4357 1949 4440 spiritus
1972 4358 2139 4435 venatis,
2169 4358 2267 4443 quia
2318 4369 2392 4424 atre
2437 4379 2489 4425 ro·

1504 4446 1602 4511 cedit.
1647 4445 1679 4508 A
1707 4464 1757 4521 se,
1790 4444 1895 4527 inquit
1915 4443 1996 4507 mitti
2019 4442 2177 4527 Spiritum
2200 4455 2363 4508 sanctum.
2443 4463 2490 4510 on

1503 4543 1555 4597 est
1583 4531 1684 4616 igitur
1716 4542 1773 4594 aut
1795 4527 1894 4595 Pater
1926 4530 2076 4614 agitans,
2111 4540 2169 4594 aut
2201 4540 2327 4594 tautum
2348 4530 2490 4619 agitatio

1503 4628 1657 4684 creatae
1678 4614 1789 4681 Patre.
2187 4613 2192 4623 ’

1589 4736 1676 4803 Sunt
1707 4747 1741 4801 et
1773 4733 1859 4804 haec
1891 4752 2058 4818 personae
2080 4736 2225 4819 propria.
2269 4731 2368 4801 Alius
2390 4754 2490 4822 para·

1503 4822 1629 4901 cletus,
1663 4824 1718 4908 qui
1741 4822 1877 4887 docebit
1898 4840 1980 4901 vos,
2012 4832 2045 4886 et
2068 4842 2154 4907 quaa
2174 4822 2297 4900 audiet,
2319 4820 2489 4910 loquetur.

1503 4911 1539 4977 st
1567 4911 1703 4994 spiritus
1733 4906 1936 4993 significaret
1968 4906 2035 4971 hoc
2057 4904 2135 4972 loco
2157 4908 2372 4993 agitationem
2396 4927 2490 4974 crea·

1502 5009 1581 5076 tam,
1604 5008 1695 5061 esset
1718 4996 1889 5074 doctrina,
1916 5013 1985 5057 non
2008 4996 2129 5061 doctor
2149 4992 2254 5074 alius,
2287 5015 2309 5060 a
2329 4992 2491 5063 Petraea

1502 5080 1586 5149 Filio
1609 5082 1748 5149 audiens
1766 5092 1799 5148 et
1816 5082 1999 5165 accipiens.

1726 5306 1928 5420 annuunt
1944 5318 2276 5387 nummorum.-

1590 5512 1627 5578 ln
1656 5514 1768 5601 priore
1789 5510 1942 5598 Epistola
1966 5514 2008 5578 ad
2032 5508 2181 5577 Corinth.
2198 5506 2286 5596 'cap
2317 5508 2370 5575 to.
2393 5505 2488 5577 clm

1504 5600 1663 5668 &aaran
1681 5597 1807 5668 Paulus
1827 5601 1985 5689 Spiritum
2007 5609 2161 5665 monum
2188 5618 2211 5663 a
2230 5596 2331 5664 donis
2351 5597 2488 5677 uoto,
