5892 6709
1089 645 1198 712 Ptttt..
1221 644 1327 711 MEL.
1350 641 1537 714 SCRIPTA
1559 638 1839 711 DOGMA'l'lCA.

760 839 947 926 Secunda
978 841 1126 924 'Ratio

548 1042 614 1116 Qut
637 1053 755 1106 eontra
765 1042 954 1106 mandatum
967 1040 1111 1105 divinum
1121 1036 1245 1124 aliquid
1256 1039 1439 1119 instituunt,

453 1139 615 1221 peccant,
636 1129 728 1192 iusta
748 1126 845 1192 illude
873 1124 911 1191 Si
933 1128 1007 1211 quis
1029 1124 1118 1190 aliud
1140 1122 1358 1209 Evangelium
1381 1126 1439 1190 do·

463 1216 578 1293 cuerit,
600 1212 777 1278 anathema
799 1215 853 1277 sit.
897 1214 1024 1289 Porro,
1058 1209 1273 1295 prohibentes
1300 1207 1440 1276 alteram

460 1313 589 1386 partem
611 1298 828 1376 sacramenti,
846 1297 934 1363 haud
956 1297 1055 1363 dubie
1076 1306 1226 1382 pugnant
1251 1317 1326 1361 curn
1349 1318 1439 1362 man·

462 1387 541 1453 dato
564 1386 691 1450 divino:
714 1385 800 1449 Sunt
821 1384 907 1448 enim
928 1385 1032 1450 verba
1052 1385 1239 1447 mandantis
1272 1394 1306 1446 et
1328 1384 1439 1465 dispo·

460 1473 582 1552 nentis.
636 1470 799 1554 Accipite,
834 1470 945 1534 bibite.
1000 1468 1092 1548 ltem,
1124 1469 1250 1533 Probet
1271 1488 1310 1533 se
1331 1471 1440 1554 ipsum

460 1555 571 1638 horno,
603 1569 637 1621 et
658 1558 709 1622 sic
731 1558 774 1620 de
795 1554 862 1622 hoc
879 1574 964 1638 pane
985 1556 1074 1632 edat,
1103 1566 1137 1621 ct
1163 1556 1206 1620 de
1237 1553 1302 1618 hac
1335 1554 1441 1619 calice

461 1643 565 1709 bibat.
605 1740 608 1744 1

820 1971 957 2052 Tertia
984 1971 1113 2053 Ratio

550 2220 678 2287 Paulus
701 2221 791 2285 iubet
810 2221 1003 2285 conservari
1026 2223 1248 2284 ceremoniam
1268 2239 1376 2305 nsque
1398 2219 1442 2283 ad

464 2307 647 2396 gloriosum
660 2305 783 2370 Christi
803 2306 989 2380 adventum,
1011 2317 1044 2369 et
1054 2307 1142 2370 iubet
1154 2306 1340 2371 annuntiari
1356 2325 1442 2368 mor·

463 2407 529 2460 tem
540 2391 686 2469 Domini,
709 2390 774 2456 hoc
796 2404 859 2471 est,
882 2394 960 2456 addi
986 2389 1055 2456 vult
1077 2393 1257 2457 conciones
1280 2392 1322 2455 de
1344 2393 1442 2455 bene·

464 2480 548 2545 ficiis
561 2478 695 2556 Christi,
717 2489 753 2541 ut
774 2479 974 2554 recordatio,
996 2477 1093 2554 fides,
1115 2490 1147 2543 et
1163 2476 1442 2563 gratiarumactio
1475 2512 1476 2518 κ

463 2567 624 2631 accedant
658 2564 701 2628 ad
735 2565 964 2628 ceremoniam.
1018 2563 1112 2627 llaec
1144 2574 1222 2627 sunt
1243 2560 1443 2647 ,simpliciter

464 2662 600 2727 mutata,
645 2651 698 2713 uia
720 2647 846 2734 populo
869 2650 967 2713 datur
988 2660 1111 2713 tantum
1132 2669 1213 2733 pars
1224 2647 1442 2728 sacramenti,

464 2758 541 2803 cum
561 2672 688 2800 Padus
711 2737 753 2799 de
776 2745 845 2798 toto
874 2732 1046 2820 loquatur:
1089 2734 1228 2808 Quoties
1262 2735 1443 2799 comedetis

508 2843 583 2887 nem
605 2821 712 2898 hunc,
746 2836 780 2885 et
801 2821 923 2885 bibetis
946 2841 988 2885 ex
1009 2821 1077 2885 hoc
1097 2817 1234 2905 populo.
1278 2817 1370 2884 llaec
1392 2832 1445 2883 est

432 2985 434 2990 Ι
500 2909 586 2994 tegri
608 2908 815 2972 Sacramenti
848 2908 1039 2990 descriptio.
1091 2905 1221 2972 Deinde
1253 2904 1361 2990 quadis
1394 2915 1446 2969 est

344 3061 353 3078 ,
465 2994 619 3060 doctrina
641 2993 931 3057 adversariorum?
972 2992 1097 3078 Magna
1120 3003 1277 3077 exparte
1299 3011 1445 3058 ceremo-

466 3081 522 3145 nia
545 3080 618 3142 sine
641 3075 718 3141 ullis
741 3080 957 3143 concionibus
979 3078 1234 3155 administratur,
1256 3079 1343 3141 utin
1366 3075 1445 3140 tttts·

466 3166 519 3231 sta
552 3163 703 3250 privatis
749 3163 790 3227 Et
817 3162 943 3248 populo
975 3161 1079 3228 semel
1101 3167 1133 3228 in
1156 3184 1243 3227 anno
1266 3163 1447 3248 porrigitur

466 3252 729 3315 Sacramentum.
774 3248 821 3312 lbi
844 3249 1037 3336 quantulum
1058 3250 1172 3315 doceri
1190 3251 1299 3313 subito
1321 3259 1446 3333 potest,

466 3338 596 3403 etiarnsi
623 3335 703 3421 quid
739 3335 880 3400 dicitur?
918 3336 960 3400 Et
988 3337 1173 3400 doctrinam
1206 3334 1247 3399 de
1276 3333 1446 3399 beneficiis

467 3422 602 3500 Christi,
626 3423 667 3485 de
690 3423 879 3486 exercenda
901 3421 984 3502 fide,
1008 3423 1103 3486 etde
1131 3441 1195 3486 usu
1217 3425 1446 3487 Sacramentu-

466 3530 550 3586 rum,
572 3506 795 3591 multipliciter
812 3519 1026 3593 corrumpunt
1046 3508 1240 3574 adversarii.
1286 3503 1369 3571 Cum
1389 3527 1446 3569 au·
1475 3555 1476 3558 η

463 3605 531 3659 tem
560 3593 649 3657 dicat
671 3590 811 3672 Paulus,
839 3593 930 3659 Reos
949 3614 1026 3658 esse
1049 3596 1200 3679 corporis
1219 3604 1252 3657 et
1274 3592 1446 3677 sanguinrs

466 3677 593 3745 Christi
614 3698 675 3743 cos
698 3680 753 3763 qui
774 3681 955 3743 abutuntur
973 3679 1203 3758 Sacramento,
1223 3698 1291 3742 non
1314 3678 1446 3741 dubium

465 3776 519 3831 est
552 3764 701 3850 graviter
733 3784 876 3848 peccare
897 3777 1033 3829 autores
1055 3764 1305 3829 etdesensores
1328 3775 1378 3826 tot
1400 3763 1446 3825 in-

465 3852 611 3939 gentium
645 3850 809 3914 abusunm
851 3852 948 3915 huius
983 3851 1202 3917 sacramenti.
1264 3847 1447 3913 Prohibent

465 3948 591 4023 partem
615 3931 765 4015 alterurn,
788 3933 1027 4003 transformant
1049 3937 1299 4001 Sacramentum
1322 3931 1446 4019 populo

464 4025 609 4091 debitum
632 4025 664 4086 in
685 4021 887 4088 sacrificium
910 4022 1093 4101 ethnicum,
1122 4021 1263 4087 offerunt
1288 4042 1349 4105 pro
1368 4016 1446 4083 alie·

364 4185 369 4194 .
464 4110 515 4175 nis
535 4109 683 4194 peccatis
707 4120 825 4173 contra
843 4111 1027 4175 doctrinam
1050 4109 1091 4173 de
1113 4120 1220 4175 morte
1231 4105 1367 4183 Christi,
1389 4107 1446 4170 ab·

464 4192 555 4262 olent
578 4214 692 4260 verum
715 4195 910 4261 doctrinam.
954 4196 1009 4261 An
1031 4195 1094 4258 hos
1117 4196 1243 4257 abusus
1261 4192 1447 4257 existimant

465 4279 574 4346 Deum
598 4300 663 4343 nun
686 4280 875 4364 puniturum
898 4283 999 4347 esse?
1025 4280 1098 4345 Etsi
1120 4281 1206 4343 enim
1227 4290 1356 4360 tempus
1378 4296 1446 4340 non

464 4367 663 4516 praescribit
685 4364 856 4446 Christus,
888 4380 1000 4433 tamen
1027 4367 1115 4430 hanc
1137 4364 1357 4429 ceremoniam
1379 4381 1447 4425 non

479 4453 755 4534 rustratradidit,
779 4450 943 4519 vulteum
966 4455 997 4517 in
1011 4448 1169 4516 Ecclesia
1192 4447 1381 4536 frequenter
1392 4467 1446 4512 ce·

362 4555 365 4564 ·
465 4536 588 4603 lebrari
621 4538 665 4600 ad
700 4537 833 4603 adultis.
879 4539 1020 4605 Etcum
1042 4540 1174 4616 utimur,
1207 4535 1372 4601 servanda
1395 4544 1446 4597 est

465 4622 573 4688 forma
605 4623 754 4689 instituta
787 4647 808 4689 a
830 4623 979 4703 Christo,
1002 4625 1149 4690 Peccant
1168 4623 1279 4709 igitur,
1301 4619 1360 4706 qul
1380 4619 1446 4682 dis·

467 4712 589 4775 cedunt
610 4711 654 4773 ab
677 4729 718 4773 ea
740 4705 856 4777 lomna.

553 4879 688 4945 Dictum
721 4894 774 4948 est
808 4886 850 4949 de
884 4904 1006 4964 causa,
1039 4894 1195 4969 quantum
1222 4898 1306 4963 opus
1334 4877 1446 4942 estiis

467 4970 521 5057 qui
545 4964 734 5032 anteferunt
755 4972 893 5036 verbum
916 4971 980 5036 Dei
1001 4967 1153 5034 humanis
1175 4965 1397 5051 opinionibus,
1416 4973 1449 5025 et

466 5056 610 5122 iudicant
641 5054 684 5117 ab
720 5058 927 5122 ordinatione
955 5056 1066 5122 divina
1089 5075 1154 5119 non
1176 5071 1253 5115 esse
1277 5049 1449 5113 disceden-

467 5143 544 5208 dum
567 5138 713 5204 humano
736 5141 867 5206 iudicio.
912 5144 980 5209 Sed
1015 5143 1092 5227 quia
1115 5133 1346 5205 cavillationes
1367 5130 1477 5202 mul-r

467 5242 521 5293 tae
543 5226 755 5307 obiiciuntur,
776 5229 819 5293 ad
841 5229 903 5293 has
926 5247 1059 5315 quoqne
1082 5225 1224 5291 breuiter
1246 5223 1449 5307 responden·
1471 5219 1477 5244 ¹

469 5320 545 5382 dum
567 5322 628 5384 est.

1854 833 2100 920 Confutatio.

1578 1020 1719 1095 Quidam
1739 1016 1903 1096 fatentur,
1925 1018 1960 1082 in
1980 1012 2164 1103 Evangelio
2186 1015 2353 1100 integrum
2373 1032 2476 1078 nsum

1490 1107 1673 1174 institutum
1693 1125 1790 1184 esse,
1819 1102 1965 1169 fatentur
1992 1105 2089 1168 etiarn
2116 1104 2151 1166 in
2183 1102 2287 1167 veteri
2314 1098 2475 1165 Ecclesia

1490 1192 1595 1258 luisse
1615 1212 1741 1258 morem
1764 1211 1861 1276 quem
1884 1190 2042 1267 diximus,
2069 1188 2130 1252 scd
2159 1188 2250 1252 aiunt
2272 1187 2392 1251 mutari
2415 1206 2475 1269 po·

1491 1280 1608 1428 tuilsse,
1631 1279 1709 1363 quia
1731 1278 1774 1341 sit
1796 1297 1852 1342 res
1874 1274 1997 1354 libera,
2018 1274 2068 1341 nti
2087 1276 2218 1359 integro
2240 1270 2475 1348 Sacramenta,
2558 1354 2567 1361 .

1491 1386 1533 1430 ve
1566 1378 1672 1449 parte.

1579 1482 1679 1560 idem,
1700 1482 1860 1568 inquiunt,
1881 1482 1968 1556 iuris
1985 1490 2038 1545 est
2059 1480 2101 1544 de
2122 1489 2193 1543 toto
2215 1489 2249 1542 et
2268 1487 2374 1560 parte.
2420 1473 2476 1538 Li-

1492 1572 1608 1635 berum
1642 1580 1693 1632 est
1715 1587 1855 1653 prorsus
1873 1567 2041 1631 abstinere
2070 1586 2092 1630 a
2113 1564 2349 1641 Sacramenta,
2378 1558 2476 1647 Ergo

1492 1654 1632 1721 liberum
1655 1667 1707 1719 cst
1729 1664 1762 1719 et
1782 1665 1879 1739 parte
1899 1663 2023 1717 tantum
2044 1652 2103 1715 nti.

1578 1826 1642 1892 llic
1663 1826 1706 1891 ad
1728 1822 1890 1888 Minorem
1913 1822 2153 1906 respondemus
2176 1817 2371 1904 dupliciter,
2404 1813 2477 1880 Pri·

1461 1973 1465 1981 .
1494 1935 1601 1980 mum.
1620 1911 1758 1976 Etiamsi
1780 1920 1871 1976 asset
1894 1908 2033 1973 liberum
2056 1926 2196 1990 prorsus
2217 1907 2476 1970 eSacramento

1493 2002 1680 2077 abstinere,
1713 2009 1823 2061 tamen
1846 2014 1920 2059 cum
1938 1994 2084 2071 utimur,
2113 2010 2253 2057 necesse
2281 2002 2335 2054 est
2355 1989 2405 2052 uti
2428 1987 2477 2050 in·

1493 2099 1589 2171 tegro
1624 2082 1860 2157 Sacramenta,
1891 2081 1969 2166 quia
1996 2091 2109 2163 partes
2137 2098 2205 2141 non
2237 2086 2315 2139 sunt
2336 2093 2477 2157 separa·
2514 2103 2522 2116 ·

1492 2173 1599 2237 biles:
1621 2169 1696 2234 Non
1720 2169 1806 2233 enim
1823 2163 1901 2231 licet
1920 2176 2047 2230 mutare
2057 2157 2303 2228 Testamentum
2315 2160 2477 2225 divinum.

1492 2256 1591 2323 Valet
1622 2265 1733 2319 autem
1765 2250 1884 2338 regula
1916 2249 2073 2328 forensis,
2101 2250 2158 2313 ubi
2187 2260 2299 2334 partes
2331 2251 2479 2330 prorsus

1492 2357 1570 2411 sunt
1591 2335 1806 2425 separabiles.

1579 2511 1776 2578 Adiicienda
1797 2520 1849 2574 est
1871 2518 1905 2571 et
1926 2504 2031 2572 altera
2052 2504 2247 2589 responsio:
2276 2502 2352 2566 Nou
2377 2498 2484 2567 estli-

1494 2603 1610 2666 herum
1633 2600 1803 2662 abstinere
1826 2617 1847 2660 a
1869 2604 1940 2659 toto
1962 2592 2190 2668 Sacramenta,
2212 2589 2484 2653 sedmandatnm

1496 2687 1538 2751 de
1554 2707 1619 2753 usu
1638 2684 1782 2768 pertinet
1803 2682 1847 2745 ad
1869 2677 2003 2745 adultos
2026 2694 2161 2755 omnes,
2195 2677 2250 2761 qui
2278 2689 2355 2738 sunt
2379 2693 2484 2737 mern·

1496 2775 1559 2838 bra
1580 2782 1697 2838 coetus
1719 2765 1902 2832 Ecclesiae.
1937 2762 2018 2828 Vult
2035 2761 2191 2827 Christus
2213 2758 2368 2845 singulos
2388 2754 2485 2822 adul·

1496 2871 1550 2925 tos
1581 2857 1645 2921 hac
1678 2855 1865 2919 ceremonia
1893 2850 2080 2937 aliqnando¹
2104 2849 2163 2926 uti,
2193 2847 2322 2911 etiamsi
2350 2857 2486 2910 certum
2565 2910 2571 2924 ,

1496 2957 1626 3029 tempus
1648 2961 1716 3006 non
1738 2941 1934 3024 praescribit
1956 2932 2108 3021 singtdis.
2142 2933 2282 3018 Oportet
2300 2930 2390 2995 enim
2404 2950 2487 2993 con·

1497 3030 1626 3096 servari
1658 3026 1744 3090 hanc
1777 3024 1997 3091 ceremoniam
2026 3020 2196 3106 usquead
2223 3017 2324 3082 finem
2350 3016 2485 3094 mundi,

1497 3119 1584 3182 sicut
1615 3109 1740 3181 Paulus
1772 3129 1935 3196 expresse
1968 3110 2091 3193 inquit:
2127 3105 2265 3179 Quoties
2295 3102 2487 3167 comedetis

1496 3225 1617 3290 panem
1638 3200 1738 3275 hunc,
1761 3210 1795 3262 et
1817 3219 1857 3262 ex
1877 3192 2000 3283 poculo
2023 3192 2088 3257 hoc
2099 3191 2232 3270 bibetis,
2255 3200 2401 3254 mortem
2412 3187 2488 3251 Do·

1497 3291 1576 3354 mini
1598 3286 1803 3361 annuntiate,
1836 3285 1944 3348 donec
1973 3281 2091 3346 veniet.
2136 3277 2231 3342 lubet
2264 3286 2297 3339 et
2330 3293 2489 3338 ceremu-

1497 3378 1586 3441 niam
1609 3371 1815 3451 conservari,
1837 3381 1870 3434 et
1880 3369 1959 3433 addi
1976 3358 2182 3430 ceremoniae
2200 3361 2489 3440 recordationem,

1499 3474 1532 3527 et
1553 3457 1836 3544 praedicationem
1854 3455 1896 3518 de
1917 3466 2023 3518 rnorte
2047 3449 2186 3528 Christi,
2209 3469 2316 3533 usque
2337 3447 2386 3511 ad
2409 3443 2489 3533 glo·

1416 3592 1424 3610 .
1499 3550 1624 3613 riosum
1645 3546 1822 3609 adventum
1845 3543 1928 3607 eius.
1974 3537 2042 3603 Cur
2064 3536 2131 3602 hoc
2152 3537 2274 3600 dictum
2297 3529 2397 3599 Pauli
2427 3551 2489 3597 ne·

1500 3631 1675 3720 glexerunt
1688 3628 1878 3706 Pontifices,
1901 3626 1958 3712 qui
1979 3644 2078 3690 usum
2099 3631 2319 3699 mutaverunt,
2340 3621 2401 3705 qui
2425 3620 2490 3683 do·

1499 3722 1637 3784 ctrinam
1659 3717 1700 3780 de
1722 3714 1803 3792 fidu,
1836 3726 1869 3778 et
1898 3714 1938 3776 de
1970 3711 2140 3784 beneficiis
2163 3705 2286 3772 Christi
2320 3725 2490 3789 corrupe-

1498 3814 1586 3882 runt,
1620 3802 1676 3888 qui
1699 3801 1880 3866 conciones
1910 3800 2074 3874 omittunt,
2107 3807 2141 3861 et
2160 3792 2320 3878 populum
2337 3791 2385 3856 ad
2408 3810 2488 3876 par·
2514 3801 2517 3806 '

1498 3903 1564 3956 tem
1594 3887 1802 3953 Sacramenti
1830 3885 1985 3971 adigunt,
2017 3903 2081 3947 nec
2114 3881 2236 3944 docent
2268 3878 2310 3943 de
2341 3875 2488 3942 fructui

1498 3973 1625 4042 Paulus
1654 3974 1758 4059 inquit
1790 3991 1868 4036 reos
1899 3971 2049 4052 corporis
2075 3978 2108 4031 et
2140 3965 2314 4051 sanguinis
2336 3960 2489 4038 ,Domini

1498 4083 1578 4128 esse
1598 4057 1688 4138 illos,
1710 4059 1765 4144 qui
1792 4057 1973 4122 abutuntur
1994 4055 2223 4119 Sacramento.
2268 4049 2386 4123 Quare
2415 4068 2488 4114 non

1499 4150 1632 4213 dubium
1655 4157 1707 4211 est
1735 4144 1884 4231 graviter
1905 4160 2048 4228 peccare
2065 4149 2200 4204 autores
2222 4147 2256 4201 et
2276 4131 2489 4201 defensores

1497 4237 1616 4301 horum
1638 4235 1788 4297 abusum.

1824 4561 1918 4641 Alia
1951 4556 2156 4640 Obiectio

1583 4741 1801 4831 Evangelium
1824 4741 1976 4806 concedit
2001 4739 2192 4826 libertatem
2212 4738 2244 4801 in
2268 4735 2489 4814 ceremoniis,

1499 4836 1589 4898 ‘uxta
1606 4831 1704 4896 ttlurt:
1735 4829 1887 4914 Regnum
1909 4825 1971 4891 llei
2005 4845 2073 4890 non
2101 4826 2194 4888 venit
2221 4841 2295 4886 cnm
2319 4823 2490 4887 observa·

1500 4921 1601 4997 tione,
1624 4916 1719 4981 Licet
1740 4916 1840 5000 igitur
1862 4916 1949 4978 etin
1971 4912 2035 4977 hac
2059 4909 2245 4975 ceremonia
2267 4906 2357 4971 hanc
2382 4905 2488 4976 liber-

1499 5017 1599 5071 tatem
1622 5022 1796 5086 usurpare.

1587 5124 1649 5189 Hic
1676 5122 1827 5186 homines
1851 5116 1961 5183 callidi
1984 5114 2185 5203 amplificant
2208 5113 2420 5193 libertatem,
2454 5125 2492 5177 et

1502 5212 1671 5297 exagitant
1692 5229 1767 5287 nos,
1800 5219 1956 5291 tanquam
1978 5203 2110 5269 ludaica
2133 5202 2275 5287 quadam
2297 5199 2492 5283 pertinacia

1501 5320 1543 5365 ac
1565 5296 1799 5382 superstitione
1821 5295 1925 5358 simus
1948 5292 2099 5355 duriores
2121 5289 2152 5352 in
2168 5284 2381 5351 defendenda
2393 5303 2490 5349 cere·

1501 5385 1626 5450 monier
1657 5383 1773 5446 iubent
1805 5374 1963 5445 anteferri
2002 5372 2271 5459 tranquillitatem
2305 5368 2492 5436 Ecclesiae

1501 5470 1578 5536 huic
1600 5482 1736 5534 externo
1759 5467 1852 5544 ritui,
1875 5464 1962 5530 sicut
1988 5465 2238 5546 scriptumest:
2266 5454 2382 5548 Magis
2407 5454 2492 5524 volo

1501 5554 1762 5626 misericordiam
1795 5573 1892 5640 quam
1925 5550 2134 5616 sacrificium.
2191 5544 2346 5628 Denique
2382 5539 2493 5609 multa
