5892 6709
464 656 529 722 54⁷
1097 651 1212 719 PlllL.
1232 649 1541 719 Munscawra
1563 649 1843 718 DOGlilATIGA.
2412 649 2480 719 548

464 846 607 911 motivae
638 840 799 929 reliquam
827 845 861 908 in
884 842 951 909 1199
974 844 1308 929 depravata'natura.
1351 839 1446 907 Haec
1497 839 1637 929 calogus
1659 852 1751 907 recte
1772 840 1980 922 intellectus,
2012 841 2048 906 id
2070 852 2139 920 est,
2163 835 2379 908 conformitas
2402 863 2480 909 cum

464 926 553 997 19199
585 930 773 1017 imaginatio
808 930 850 995 de
877 942 1015 996 91119199
1049 930 1237 995 obedientia
1271 929 1446 993 damnatur
1496 928 1658 1014 sapientia
1691 939 1724 993 91
1751 929 1867 994 ordine
1893 930 1927 992 in
1955 938 2066 998 mente
2095 928 2217 993 divina.
2266 927 2364 994 Aliae
2392 929 2480 995 duae

464 1015 531 1084 hoc
553 1019 700 1082 decreto.
744 1014 933 1082 Anathema
953 1017 1015 1094 sit,
1049 1017 1104 1101 qui
1134 1016 1211 1080 dicit
1233 1013 1357 1100 Legem
1380 1012 1445 1079 Dei
1496 1027 1609 1098 partes
1631 1012 1897 1098 suntpolitioae,
1920 1011 2336 1080 videlicetGeremonialis
2359 1017 2480 1081 9119-

463 1101 682 1190 impossibilia
692 1104 895 1187 praecipere,
917 1102 1046 1166 scilicet
1073 1092 1111 1166 in
1129 1113 1267 1168 externa
1290 1099 1445 1166 obedien·
1495 1101 1605 1166 rensis
1629 1121 1690 1166 seu
1712 1099 1886 1181 iudicialis,
1909 1103 1989 1166 utin
2008 1098 2128 1166 Politia
2149 1099 2261 1181 liloisi,
2284 1113 2397 1168 certae
2416 1100 2480 1167 Ge·

465 1190 601 1269 tia,seu
623 1192 813 1255 1991119199
836 1200 945 1276 gestu.
980 1185 1166 1274 Colligatur
1187 1207 1329 1274 magnus
1351 1206 1444 1251 acer·
1496 1187 1665 1252 remoniae
1687 1197 1722 1252 et
1741 1186 1872 1274 LegeS,
1895 1188 1937 1253 de
1959 1187 2169 1251 distinctione
2189 1185 2403 1268 facultatum,
2436 1190 2481 1255 de

465 1293 528 1341 vus
550 1277 747 1359 optimamia
779 1275 1057 1351 admonitionum,
1089 1294 1176 1360 quae
1198 1271 1299 1339 simul
1320 1273 1362 1337 de
1385 1292 1444 1337 no·
1496 1271 1637 1352 delictis,
1659 1274 1800 1352 iudiciis,
1822 1284 1857 1339 et
1878 1274 1997 1360 poenis
2020 1293 2199 1360 corporum
2226 1273 2381 1341 divinitus
2411 1287 2480 1340 tra·

465 1374 537 1428 stra
557 1359 745 1425 infirmitate
765 1358 965 1446 loquuntur,
999 1371 1033 1424 et
1054 1360 1169 1426 iubent
1213 1372 1303 1425 etere
1326 1365 1347 1425 a
1368 1356 1444 1423 Deo
1496 1361 1583 1426 ditae
1605 1370 1693 1424 9991.

464 1445 674 1515 auuiliumct
697 1445 883 1513 9999111991.
927 1446 1071 1512 Η191991.
1099 1446 1151 1511 10.
1181 1381 1262 1513 geio
1290 1444 1445 1524 Domine,
2067 1497 2071 1504 .

463 1554 531 1600 non
553 1544 606 1597 991
616 1532 760 1598 hominis
782 1534 837 1598 via
859 1535 941 1598 eius.
964 1532 1126 1598 Proverb.
1139 1533 1191 1598 16.
1214 1529 1282 1598 Cor
1302 1531 1444 1597 hominis
1581 1529 1803 1597 Tenendaest
1819 1528 2075 1620 autemregula:
2099 1529 2194 1597 Sicut
2204 1529 2320 1617 politia
2341 1532 2480 1601 ludaica

402 1674 404 1678 .
464 1620 590 1769 cogitat
612 1619 711 1698 11919,
734 1617 795 1684 sed
805 1616 969 1685 Dominus
991 1618 1165 1684 confirmat
1186 1637 1339 1706 gressum
1362 1619 1444 1682 eius.
1481 1614 1696 1704 1191919991,
1727 1618 1828 1684 11991
1855 1617 2069 1684 ceremonias
2098 1631 2133 1683 et
2161 1617 2329 1686 Foreuses
2351 1619 2402 1686 Le
2428 1641 2481 1705 es,

462 1702 512 1770 Ta
526 1706 558 1770 ‘a
578 1706 669 1772 dicta
689 1706 859 1770 continent
880 1718 912 1770 et
940 1705 1126 1772 doctrinam
1146 1706 1389 1783 necessariam,
1411 1712 1445 1768 91
1496 1724 1583 1790 quae
1604 1724 1673 1768 non
1694 1705 1773 1770 sunt
1793 1701 1983 1784 naturales,
2005 1702 2133 1770 deletas
2157 1726 2252 1785 esse,
2273 1725 2338 1773 nec
2360 1705 2481 1795 albga-

464 1789 676 1857 dulcissimas
695 1789 957 1858 consolationes.
1002 1789 1138 1857 Doeent
1159 1789 1250 1857 aliud
1279 1810 1356 1856 esse
1378 1787 1444 1854 ele-
1495 1802 1562 1855 tam
1584 1809 1663 1855 9999
1684 1788 1869 1856 Ecclesiam
1891 1791 1934 1856 ad
1956 1787 2170 1857 Ceremonias
2192 1790 2380 1873 Leviticae,
2414 1815 2481 1860 999

464 1877 618 1956 ctionem,
638 1888 673 1944 et
693 1875 785 1944 aliud
796 1890 961 1959 eventum,
983 1891 1020 1942 ut
1040 1874 1131 1944 aliud
1152 1890 1205 1943 est
1227 1873 1346 1942 electio
1365 1872 1443 1941 belli
1495 1878 1538 1941 ad
1576 1876 1689 1962 Leges
1733 1876 1914 1956 Forensis,
1958 1898 2044 1963 quae
2083 1897 2151 1944 999
2190 1889 2268 1943 9991
2294 1879 2481 1945 naturales.

347 1972 352 1981 '
444 1965 498 2029 'in
519 1961 690 2048 Pompeio,
711 1959 802 2029 aliud
824 1975 980 2043 eventus,
1008 1985 1051 2030 ac
1071 1964 1281 2030 manifestum
1298 1972 1368 2041 est,
1400 1961 1443 2026 ad
1495 1962 1589 2027 llaec
1611 1963 1762 2028 doctrina
1785 1983 1945 2050 enpresse
1967 1964 2088 2030 tradita
2112 1975 2163 2028 est
2190 1965 2224 2028 in
2247 1965 2345 2032 Actis
2367 1968 2481 2052 eapite

464 2063 617 2116 eventum
646 2050 768 2135 requiri
790 2048 912 2117 multas
935 2072 1057 2117 causas
1083 2064 1178 2116 extra
1199 2069 1273 2115 999.
1317 2047 1354 2112 19
1377 2043 1444 2113 ele·
1497 2048 1548 2114 15.
1567 2060 1601 2114 et
1622 2050 1655 2114 in
1676 2048 1829 2134 Epistola
1849 2051 1892 2115 ad
1916 2046 2056 2116 Galatas
2075 2061 2108 2115 et
2129 2047 2217 2115 alibi.

464 2137 575 2202 ctione
593 2136 691 2204 etiarn
714 2156 817 2222 saepe
834 2149 887 2203 est
908 2159 1003 2202 error
1015 2135 1156 2202 consilii.
1190 2136 1356 2201 interdum
1369 2154 1444 2199 9991
2218 2161 2222 2170 ·

463 2243 532 2288 non
543 2234 633 2288 errat
651 2219 837 2301 9999111991,
858 2234 895 2289 91
915 2244 983 2290 non
995 2225 1150 2290 errabant
1162 2219 1332 2288 israelitae
1354 2240 1446 2284 91199
1582 2219 1644 2285 llic
1676 2235 1787 2287 991919
1815 2221 2095 2288 considerandum
2118 2233 2186 2307 cst,
2221 2233 2255 2287 et
2282 2243 2386 2309 quare
2420 2221 2483 2290 illa

464 2308 634 2393 capientes
657 2321 775 2374 contra
796 2309 979 2390 Beniamin,
1001 2323 1110 2376 199199
1128 2329 1230 2394 saepe
1251 2309 1348 2374 iustis
1367 2327 1446 2371 cou-
1495 2305 1610 2391 politia
1633 2309 1812 2373 constituta
1833 2309 1893 2387 sit,
1926 2321 1959 2374 ct
1986 2329 2090 2395 quare
2113 2306 2328 2374 Gerenroniae
2357 2312 2482 2376 9119-

385 2409 387 2414 ·
462 2391 548 2457 siliis
571 2415 637 2458 non
660 2415 715 2458 res
741 2397 865 2461 ondent
882 2410 1021 2462 eventus
1046 2408 1182 2481 propter
1203 2391 1287 2460 aliae
1311 2412 1446 2472 causas,
1495 2412 1612 2457 renses
1635 2389 1683 2457 Le
1707 2413 1745 2458 es
1768 2393 1911 2458 traditae
1940 2395 2017 2462 sint.
2060 2391 2228 2460 lohannes
2256 2396 2484 2463 eruditissime

461 2491 600 2564 propter
622 2500 704 2565 quas
717 2417 811 2546 licus
834 2477 919 2546 alios
941 2484 1048 2547 exitus
1071 2481 1194 2559 tribuit,
1216 2501 1313 2566 quam
1326 2477 1444 2565 'quales
1496 2478 1672 2543 discernite
1726 2500 1768 2544 911
1813 2479 2483 2568 91111919991919991319119919911·

462 2585 531 2631 non
562 2565 683 2632 iniuste
716 2567 1065 2633 191199199119199199.
1109 2565 1202 2632 llaec
1234 2565 1345 2630 919919
1374 2561 1447 2630 vult
1495 2501 2161 2649 9999199991191911919919991,
2189 2568 2220 2632 id
2245 2577 2307 2647 est,
2331 2568 2483 2635 Messias

463 2671 528 2716 nos
549 2649 646 2716 Deus
668 2652 894 2716 considerare.
938 2650 1083 2718 Primum
1106 2674 1149 2717 nc
1172 2652 1293 2717 fiducia
1313 2663 1445 2715 nostra·
1497 2652 1620 2716 missus
1643 2663 1711 2730 991,
1743 2663 1780 2717 91
1806 2649 1914 2718 deleto
1943 2663 2084 2739 peccato
2113 2664 2145 2717 et
2167 2650 2277 2724 deleta
2298 2667 2406 2719 919119
2429 2677 2484 2720 re·

390 2767 395 2792 ·-
463 2757 538 2802 rum
561 2738 921 2822 viriumsuseipiamus
933 2739 1053 2803 iniusta
1075 2749 1220 2804 autnon
1242 2738 1446 2814 necessaria,
1497 2737 1673 2802 stituantur
1694 2739 1730 2804 19
1749 2739 1849 2802 nobis
1871 2750 2006 2804 9919199
2024 2739 2123 2815 bona,
2145 2739 2269 2804 iustitia
2290 2740 2406 2806 911119
2424 2761 2484 2806 99-

430 2837 437 2847 ·
463 2821 596 2888 Deinde
618 2834 654 2887 ut
676 2824 774 2888 etiam
796 2824 828 2888 in
852 2825 963 2889 causis
985 2824 1082 2889 iustis
1111 2825 1367 2889 9199999991119
1388 2841 1445 2906 pe·
1493 2832 1602 2902 19199,
1631 2823 1719 2889 sicut
1741 2835 1773 2889 et
1795 2821 1918 2889 Daniel
1940 2826 2057 2911 inquit:
2087 2823 2268 2890 Peccatum
2290 2829 2486 2912 expiabitur

463 2918 573 2974 tamus
597 2906 769 2974 consilium
793 2921 826 2975 91
847 2909 1001 2975 auxilinm
1025 2931 1046 2975 a
1067 2909 1160 2988 Deo,
1190 2911 1281 2975 iuxta
1308 2910 1445 2974 dictum=
1497 2921 1531 2973 91
1553 2906 1730 2989 delebitur,
1753 2921 1786 2975 91
1807 2911 1991 2977 adducetur
2013 2923 2149 2977 aeterua
2171 2912 2302 2977 iustitia.

463 2991 669 3059 Commenda
690 2993 766 3062 Deo
787 2997 876 3063 viam
897 3007 1004 3076 tuum,
1026 3016 1126 3081 spera
1146 2998 1179 3061 iu
1203 3016 1295 3074 eum,
1317 3007 1350 3059 91
1371 2996 1445 3078 ipse

462 3073 575 3144 199191.
617 3081 691 3144 Ν99
712 3094 891 3167 propterea
913 3084 1082 3168 sequitur,
1109 3080 1237 3147 nullam
1265 3100 1343 3145 esse
1366 3098 1445 3147 con·
1584 3078 1724 3146 Constat
1757 3091 1868 3147 autem
1891 3081 2106 3148 Ceremonias
2138 3084 2280 3150 et-ritus
2310 3081 2486 3152 forenses

390 3221 392 3226 .
464 3166 671 3250 tingentiam,
694 3169 805 3232 omnia
827 3168 899 3233 11911
910 3167 1024 3234 Stoica
1034 3170 1247 3245 necessitate,
1269 3166 1444 3231 1199199919
1496 3183 1563 3230 999
1587 3185 1663 3230 9999
1686 3187 1741 3231 199
1764 3180 1934 3247 aeternas,
1958 3166 2035 3232 ideo
2058 3166 2245 3233 firmissime
2266 3173 2487 3238 statuendum

413 3251 415 3260 '
461 3249 667 3317 voluntatem
688 3252 814 3319 babere
836 3274 876 3318 se
897 3265 936 3319 ut
956 3265 1125 3334 truncum,
1148 3266 1201 3319 911
1225 3275 1300 3318 9991
1322 3249 1444 3336 loseph
1496 3261 1560 3332 991,
1578 3249 1794 3319 Ceremoriias
1818 3265 1851 3319 et
1874 3252 2136 3320 ritusForenses
2159 3276 2226 3319 nou
2250 3275 2326 3320 9999
2348 3258 2487 3324 institu-

361 3381 363 3386 -
461 3335 548 3423 {ugit
568 3336 783 3426 adulteram,
798 3341 926 3425 regitur
970 3342 1080 3406 uidem
1107 3351 1141 3405 et
1163 3340 1347 3405 custoditur
1367 3337 1445 3402 luce
1495 3348 1560 3418 199,
1583 3350 1617 3403 91
1639 3352 1828 3405 11191999191
1849 3339 2078 3405 remissionem
2099 3351 2333 3425 peccatorum,
2356 3363 2421 3409 seu
2445 3357 2486 3411 91

462 3444 610 3490 accensa
631 3425 665 3488 in
687 3426 759 3490 cius
781 3438 933 3491 mentea
982 3424 1039 3491 ilio
1055 3426 1133 3504 Dei,
1156 3438 1190 3490 et
1212 3446 1272 3489 eor
1292 3425 1445 3491 accendi·
1496 3437 1612 3489 essent
1640 3426 1781 3506 iustitia,
1816 3447 1883 3512 qua
1921 3426 2073 3491 homines
2106 3448 2219 3492 eoram
2252 3427 2326 3493 Deo
2363 3444 2487 3496 esseut
2548 3467 2552 3472 ·

463 3521 519 3574 tur
540 3531 561 3573 9
583 3509 706 3593 Spiritu
729 3525 864 3576 sancto:
892 3511 936 3577 Et
962 3524 1072 3578 tamen
1100 3509 1255 3577 voluntas
1278 3513 1350 3576 eius
1376 3530 1445 3576 non
1496 3511 1586 3588 iusti,
1608 3532 1669 3576 seu
1690 3523 1726 3578 ut
1749 3523 1865 3577 esseut
1886 3510 1968 3578 illud
1987 3515 2121 3592 bouum,
2144 3518 2387 3600 propterquod
2399 3537 2486 3581 ven·

462 3606 516 3674 est
537 3596 658 3674 otiosa,
680 3616 719 3662 se
743 3598 830 3661 uitur
852 3599 1035 3663 trahentem
1047 3598 1204 3682 Spiritum
1225 3610 1389 3676 sanetum,
1411 3607 1446 3660 91
1497 3608 1592 3660 turus
1615 3608 1686 3662 erat
1707 3596 1863 3663 Messias
1909 3598 2022 3672 Quare
2051 3609 2085 3662 et
2112 3601 2146 3664 in
2168 3598 2320 3683 Epistola
2347 3602 2393 3667 ad
2416 3602 2487 3669 lle·

462 3679 583 3748 1191999
612 3683 694 3747 vitat
722 3682 733 3746 i
761 3685 901 3770 ecebras
935 3696 967 3749 et
994 3685 1203 3766 perniciosas
1232 3685 1442 3748 occasiones.
1496 3683 1618 3745 1119999
1643 3683 1777 3748 dieitur:
1807 3681 2016 3769 Impossibile
2037 3680 2098 3750 fuit
2120 3687 2284 3773 sauguine
2305 3697 2486 3756 taurorum

462 3767 636 3834 israelitae
668 3770 789 3834 iustam
817 3780 851 3834 et
878 3771 1106 3835 necessariam
1145 3789 1280 3834 causam
1321 3767 1445 3832 habent
1496 3761 1599 3832 deleri
1620 3779 1770 3853 peccata.

461 3852 542 3921 belli
566 3864 683 3919 contra
704 3855 896 3919 Beniamine
918 3854 1041 3919 Tamen
1064 3866 1205 3920 eventus
1226 3856 1318 3919 initio
1330 3854 1444 3918 tristes

461 3955 551 4007 sunt.
585 3941 664 4005 ldeo
686 3941 765 4006 dicit
787 3938 959 4007 Salomon:
978 3940 1044 4005 Cor
1061 3939 1203 4006 hominis
1222 3962 1263 4006 eo
1289 3942 1347 4006 itnt
1357 3942 1443 4004 viam
1582 3937 1669 4011 Quid
1689 3941 1791 4027 igitur
1811 3938 1946 4007 fuerunt
1968 3939 2184 4009 Ceremouiac
2206 3955 2240 4009 91
2258 3945 2339 4008 11199
2352 3945 2486 4014 Foren-

461 4046 568 4106 suam‚
591 4025 759 4092 sedDeus
782 3962 1444 4114 999111199191999999111111919911199
1496 4023 1583 4095 ses?
1628 4024 1840 4111 Respondeo.
1895 4027 2043 4092 Fuerunt
2075 4027 2164 4094 illius
2195 4027 2330 4114 politiae
2371 4030 2488 4104 forma

461 4115 650 4192 vincuntur,
673 4111 751 4198 quia
772 4125 912 4178 eventus
933 4136 1001 4179 non
1022 4113 1154 4179 iuvatur
1174 4111 1292 4179 alJeo.
1337 4113 1444 4177 losias
1496 4133 1554 4177 seu
1579 4108 1756 4176 vinculum.
1801 4111 1916 4178 Voluit
1938 4115 2024 4178 euim
2045 4112 2140 4179 Deus
2170 4114 2331 4203 singulari
2351 4120 2488 4188 1199911-

462 4200 559 4266 etiam
592 4201 627 4263 in
667 4197 811 4264 consilio
845 4211 953 4278 91191,
991 4198 1118 4285 fuitque
1150 4210 1321 4284 spectator
1352 4196 1445 4273 illius
1496 4200 1549 4264 cio
1573 4208 1697 4261 certam
1719 4194 1867 4282 politiam
1890 4200 2109 4281 constituere,
2138 4213 2170 4267 et
2191 4224 2211 4266 a
2229 4205 2376 4268 99919119
2401 4228 2488 4293 gen·

461 4305 604 4369 magnae
626 4283 836 4350 calamitatis.
881 4284 1035 4352 ieremias
1058 4286 1179 4371 inquit:
1202 4283 1443 4364 scioliomine,
1495 4284 1584 4348 tibus
1607 4302 1778 4367 separare,
1812 4296 1848 4349 ut
1870 4298 1998 4353 certum
2020 4285 2127 4367 99991,
2156 4310 2199 4352 en
2220 4310 2285 4374 qna
2314 4304 2420 4375 geute
2449 4310 2489 4361 ct

415 4369 418 4376 '
462 4372 539 4455 quia
561 4387 628 4434 999
651 4383 704 4436 991
725 4369 867 4437 1191111919
890 4372 944 4436 via
966 4374 1049 4449 eius,
1071 4372 1104 4436 id
1127 4384 1190 4448 est,
1213 4373 1357 4449 vocatio,
1380 4372 1443 4435 sed
1496 4369 1610 4454 stirpe,
1634 4370 1667 4433 19
1712 4392 1755 4435 99
1777 4367 1854 4436 1999
1877 4385 1987 4438 191199
2010 4371 2112 4438 vellet
2134 4376 2228 4440 nasci
2251 4373 2425 4459 Christus,
2451 4395 2489 4448 et

463 4457 510 4522 ita
531 4468 585 4521 est
606 4453 723 4532 foelix,
757 4479 832 4523 eum
855 4471 888 4523 91
911 4453 1049 4522 consilia
1072 4456 1232 4522 salutaria
1243 4454 1338 4521 Deus
1350 4449 1441 4521 mon·
1494 4456 1551 4521 ubi
1573 4392 1757 4522 audieulus
1780 4470 1885 4538 99991,
1903 4460 1959 4523 ubi
1981 4461 2168 4525 testimonia
2192 4461 2233 4525 de
2255 4460 2329 4546 ipso
2350 4464 2488 4534 exhibi-

461 4553 564 4620 strat,
594 4553 628 4607 et
655 4545 795 4626 praebet
815 4546 888 4628 ipse
910 4545 1079 4608 secundos
1103 4554 1260 4621 eventus,
1282 4543 1372 4607 iuxta
1394 4543 1441 4606 di·
1494 4553 1589 4607 turus
1606 4557 1709 4623 esset,
1739 4545 1796 4609 ubi
1825 4545 1966 4610 subinde
2000 4545 2197 4630 repetiturus
2231 4560 2265 4612 91
2292 4545 2488 4621 1119911919·

462 4640 530 4694 cta:
552 4628 624 4692 Nisi
646 4627 811 4697 Dominus
830 4631 1022 4697 custodierit
1045 4630 1225 4709 civitatem,
1247 4626 1371 4693 1199119
1394 4630 1441 4694 vi·
1493 4647 1552 4693 rus
1580 4640 1672 4695 esset
1700 4632 1972 4715 promissionem,
1998 4642 2031 4696 91
2054 4634 2243 4699 testimonia
2263 4644 2488 4723 ostensurus,

461 4713 555 4803 gilat,
577 4715 632 4802 qui
654 4718 800 4867 cusbtodit
821 4738 904 4783 earu.
938 4707 1217 4802 ltem,Domiul1s
1239 4716 1442 4799 datsapien·
1491 4726 1530 4866 Bt
1568 4717 1712 4781 sciretur
1753 4717 2008 4800 promissionem
2042 4739 2120 4784 vere
2154 4721 2307 4786 traditam
2341 4741 2426 4789 esse
2462 4749 2486 4792 n

405 4810 409 4817 “
459 4803 540 4867 11991
562 4802 702 4885 sapienti
726 4824 777 4870 us.
894 4855 897 4860 .
1524 4820 1577 4867 9ο.
1678 4885 1684 4890 1
2139 4812 2142 4816 “

1579 4970 1748 5038 Praedixit
1780 4974 1878 5039 etiam
1906 4974 2053 5041 exhibito
2085 4974 2233 5056 Messio,
2266 4989 2299 5044 91
2327 4986 2485 5050 99199919

1481 5060 1691 5152 vtestimoniis
1713 5060 1971 5134 resuscitatione
1993 5073 2196 5129 mortuorum
2225 5075 2258 5128 et
2280 5061 2355 5129 aliis
2379 5070 2484 5137 mira·

1074 5183 1082 5196 -
1494 5142 1590 5229 culis,
1612 5144 1804 5211 finemi'ore
1826 5143 1960 5231 politiae
1981 5146 2171 5229 lllosaioae,
2195 5146 2413 5231 9119191919,
2445 5170 2485 5222 ut

704 5217 780 5305 DE
810 5219 954 5306 LEGE
984 5219 1202 5305 DIVINA,
1493 5230 1711 5318 Evangelium
1734 5233 1819 5296 inter
1837 5245 1956 5320 gentes
1978 5248 2210 5340 spargeretur,
2242 5249 2274 5300 et
2297 5234 2377 5302 colli
2404 5264 2481 5307 ere·

1494 5326 1547 5381 tur
1569 5329 1708 5384 9919199
1728 5316 1882 5384 Ecclesia
1904 5341 1947 5385 ex
1967 5319 2100 5388 ludaeis
2121 5334 2155 5387 et
2176 5324 2341 5409 gentibus.
2380 5262 2483 5398 llaec

1492 5403 1569 5469 ideo
1591 5405 1762 5489 praedicta
1783 5416 1872 5485 9991,
1894 5408 2095 5488 9199119191,
2116 5409 2372 5493 promissionem
2384 5410 2481 5481 ties·

301 5541 304 5550 .
544 5489 697 5557 Necesse
708 5501 761 5556 est
770 5491 926 5556 usitatam
936 5488 1147 5575 partitionem
1158 5490 1317 5556 retinere:
1340 5489 1443 5556 Prae·
1464 5522 1471 5611 ι
1493 5490 1564 5555 9199
1585 5488 1834 5580 intelligendam
1858 5512 1937 5559 esse
1965 5492 2006 5561 de
2028 5495 2173 5560 aeternis
2202 5495 2318 5575 bonis,
2341 5508 2377 5561 et
2406 5520 2480 5569 non

458 5578 555 5666 cipue
575 5598 657 5663 pars
679 5576 783 5665 Legis
806 5579 994 5644 nominatur
1015 5573 1166 5658 bimulis,
1189 5596 1276 5662 quae
1298 5588 1352 5642 est
1372 5573 1442 5641 De·
1493 5587 1620 5646 tantum
1648 5578 1690 5645 da
1723 5575 1780 5646 illa
1810 5575 1944 5666 politia,
1976 5581 2008 5647 91
2036 5600 2139 5647 veros
2163 5578 2272 5649 cultus
2294 5581 2360 5648 Dei
2393 5607 2479 5655 esse
