5892 6709
924 608 1051 674 431

2170 598 2398 667 mm..
2439 599 2649 676 MEL.
2694 597 3070 670 scfflP'rA
3111 594 3668 664 DOGMA'rtcA.

4832 590 4963 657 432

925 791 1138 857 randa
1203 801 1381 868 sunt,
1449 799 1515 854 et
1580 789 1829 855 vitandi
1887 788 2283 876 Labyrintbi
2347 791 2892 872 disputationum,
2964 788 3279 850 'tationes
3324 783 3657 868 imperans
3701 783 3950 853 nervis,
3994 790 4069 846 ut
4102 781 4320 846 cicant
4349 793 4631 847 externa
4664 784 4966 849 membra

928 898 1098 964 quas
1143 876 1255 941 hie
1299 889 1651 942 moverunt
1693 873 1875 941 multi
1921 887 2077 942 ante
2116 875 2280 939 haee
2325 870 2581 953 secula,
2639 884 2892 939 tantum

926 965 1035 1046 eo,
1079 965 1232 1050 quia
1275 984 1410 1028 non
1457 964 1823 1076 didicerant
1863 962 2133 1048 proprie
2174 958 2381 1047 loqui.

905 1387 914 1394 ,
960 1297 1160 1402 Tres
1219 1294 1690 1407 perspicuae
1751 1291 2338 1404 propositiones
2400 1290 2505 1378 de
2565 1275 2856 1376 Liber-

1380 1459 1554 1531 tate
1614 1447 2078 1552 voluntatiS,
2139 1446 2433 1529 Prima.

1103 1647 1358 1713 Ordine
1431 1657 1650 1721 autem
1730 1658 1871 1712 tres
1937 1648 2331 1732 perspicuas
2395 1643 2892 1730 propositiones

926 1733 1218 1814 tradam,
1264 1734 1348 1797 de
1390 1728 1699 1798 libertate
1743 1729 2127 1798 voluntatis,
2216 1730 2437 1796 Prima
2481 1742 2623 1811 est,
2684 1728 2892 1797 Mani-

928 1817 1174 1886 festum
1212 1831 1316 1884 est
1356 1817 1658 1885 homines
1703 1820 1768 1883 in
1813 1816 1941 1883 hae
1989 1819 2347 1903 depravata
2412 1831 2689 1895 natura,
2754 1837 2890 1892 non

927 1926 1142 1993 posse
1185 1901 1422 1971 tollere
1468 1916 1814 1988 peccatum
1860 1915 1928 1968 et
1970 1917 2270 1983 mortem,
2334 1904 2404 1969 id
2448 1917 2575 1984 est,
2643 1923 2891 1970 exuere

909 1987 1176 2080 'pravas
1220 1989 1720 2070 inclinationeS,
1789 2000 1856 2055 et
1906 1987 2193 2056 liberare
2237 2010 2316 2055 se
2356 1992 2444 2056 ab
2488 1990 2586 2056 ira
2631 1983 2784 2070 Dei,
2848 2009 2892 2054 a

926 2089 1144 2143 morte
1212 2075 1544 2162 corporali
1613 2089 1679 2141 et
1742 2088 2013 2142 aeterna
2079 2071 2370 2162 propriis
2435 2075 2711 2155 viribuS,
2774 2087 2888 2140 aut
2938 2104 2940 2111 v

930 2165 1271 2247 operibuS,
1318 2175 1432 2227 aut
1476 2164 1854 2241 virtutibuS,
1889 2172 2002 2226 aut
2044 2164 2318 2241 meritiS,
2364 2182 2492 2227 nec
2534 2181 2740 2245 posse
2784 2180 2890 2226 sa-

931 2245 1246 2314 tisfacere
1291 2248 1452 2335 Legi
1498 2247 1649 2313 Dei.
1738 2250 1868 2315 Sed
1927 2245 2097 2313 haec
2166 2247 2475 2314 liberatio
2520 2269 2563 2312 a
2604 2257 2889 2332 peccato

930 2347 997 2400 et
1040 2356 1082 2399 a
1126 2347 1371 2415 morte,
1418 2335 1493 2440 tit
1535 2346 1810 2421 propter
1850 2332 2089 2401 Filium
2125 2334 2288 2414 Dei,
2351 2346 2418 2400 et
2460 2354 2585 2419 per
2628 2353 2776 2399 eum
2822 2333 2891 2397 in

926 2441 1094 2487 vera
1137 2441 1600 2486 conversione.

1101 2558 1391 2625 Primum
1448 2558 1515 2622 in
1582 2558 1713 2623 hac
1779 2557 1938 2636 vita,
2003 2557 2431 2643 imputatione
2490 2556 2778 2623 iustitiae
2822 2566 2920 2622 et³

913 2641 1352 2709 inchoatione
1415 2663 1637 2708 novae
1700 2653 1765 2707 et
1830 2653 2141 2707 aeternae
2171 2679 2176 2684 -
2207 2644 2386 2708 vitae
2453 2654 2521 2708 et
2584 2644 2920 2708 iustitiae.

927 2729 1177 2796 Postea
1221 2729 1725 2795 confirmatione
1757 2730 1822 2793 in
1868 2730 2008 2793 vita
2049 2740 2341 2794 aeterna.
2437 2727 2546 2794 De
2588 2727 2718 2794 hac
2752 2740 2890 2794 tota
2951 2753 2954 2763 ¹·

924 2812 1317 2881 liberatione
1362 2815 1602 2881 dicitur
1646 2813 1825 2879 loan.
1870 2813 1935 2881 8.
2024 2813 2100 2880 Si
2144 2836 2272 2881 vos
2315 2812 2525 2881 Pilius
2567 2811 2894 2881 liberave-

926 2897 1035 2980 rit,
1083 2920 1243 2967 vere
1266 2899 1477 2999 'liberi
1514 2900 1723 3000 eritiS.

1099 3069 1256 3138 Alia
1289 3049 1510 3164 autem
1550 3072 1850 3159 quaestio
1888 3083 2016 3152 est,
2061 3072 2218 3160 quid
2265 3082 2334 3138 et
2375 3083 2691 3158 quantum
2733 3089 2920 3176 pos-¹
2980 3101 2987 3110 ·

926 3157 1030 3223 sit·
1057 3156 1257 3225 homo
1302 3180 1436 3256 non
1461 3171 1756 3226 'renatus
1808 3155 2071 3240 facere,
2129 3160 2195 3224 in
2237 3156 2368 3224 hac
2416 3160 2892 3264 depravatione

907 3257 1228 3338 naturae.
1318 3246 1421 3314 Sit
1455 3245 1657 3335 igitur
1698 3243 1871 3311 haec
1912 3246 2210 3313 secunda
2251 3246 2642 3332 propositio.

1463 3577 1843 3667 Secunda
1902 3577 2375 3690 PropositiO.

1101 3795 1319 3862 Homo
1366 3798 1562 3861 etiam
1604 3816 1741 3861 non
1778 3807 2089 3877 renatus,
2129 3809 2357 3884 potest
2399 3797 2739 3882 utcunque
2790 3815 2894 3861 re-

912 3902 1090 3972 gere
1111 3881 1636 3962 Loeomotivam,
1682 3884 1746 3950 id
1783 3895 1911 3963 est,
1957 3883 2236 3962 flectere
2277 3897 2555 3966 externa
2598 3884 2893 3948 membra

927 3969 1014 4050 ad
1061 3969 1362 4058 actiones
1408 3982 1860 4058 congruentes
1932 3992 2079 4036 cum
2123 3970 2313 4058 Lege
2355 3969 2507 4038 Dei.
2600 3972 2761 4039 ltem
2805 3971 2891 4036 ad

926 4057 1229 4124 actiones
1273 4067 1649 4144 pugnantes
1696 4078 1843 4122 cum
1866 4055 2055 4146 Lege
2077 4056 2227 4122 Dei.
2295 4055 2484 4126 Hanc
2519 4057 2889 4126 libertatem

924 4144 1199 4231 regendi
1246 4138 1747 4222 locomotivam,
1794 4143 1860 4209 id
1894 4158 2020 4224 est,
2065 4145 2343 4231 regendi
2381 4157 2658 4210 externa
2692 4167 2889 4212 mem-

926 4227 1072 4309 bra,
1118 4225 1261 4294 vult
1304 4228 1493 4293 Deus
1536 4226 1859 4316 reliquam
1907 4250 2085 4310 esse,
2128 4231 2324 4297 etiam
2370 4231 2435 4297 in
2481 4231 2610 4296 hac
2659 4225 2891 4314 depra-

923 4330 1083 4394 vata
1124 4326 1380 4388 natura.
1467 4312 1757 4382 Primum
1815 4328 1888 4381 ut
1952 4311 2176 4400 aliquo
2235 4318 2438 4382 modo
2489 4313 2892 4404 intelligatur

909 4397 1752 4490 'discrimenjnteragens
1797 4398 2077 4467 liberum
2123 4418 2191 4468 et
2249 4423 2385 4468 non
2453 4423 2665 4489 agens
2729 4400 2891 4488 libe-

923 4491 1094 4572 rn'm,
1160 4485 1373 4553 simile
1432 4489 1570 4575 igni
1623 4489 1745 4554 ‘aut
1808 4489 2040 4554 brutis·
2156 4486 2318 4553 Vult
2380 4489 2552 4570 enim
2617 4485 2891 4578 intelligi

923 4571 1154 4654 Deus,
1213 4594 1370 4640 sese
1421 4595 1591 4640 -esse
1648 4595 1859 4662 agens
1925 4571 2369 4655 liberrimum,
2437 4567 2891 4661 quod'libere

928 4659 1358 4734 etiam'ext-ra
1403 4661 1701 4736 ordinem
1745 4673 2048 4739 naturae,
2092 4672 2157 4725 et
2200 4661 2345 4728 sine
2389 4662 2612 4736 causis
2651 4673 2890 4728 secun·

911 4741 1036 4834 ,dis
1070 4739 1384 4834 opitulari
1427 4747 1896 4814 invocantibus
1953 4759 2016 4812 et
2063 4750 2276 4832 possit
2320 4760 2386 4814 et
2452 4743 2674 4830 velit,.
2713 4741 2893 4816 iuxta

926 4833 1220 4914 dictumz'
1252 4834 1969 4928 Omnia-,quaecunque
2009 4832 2242 4914 voluit,
2285 4831 2466 4902 tecit.
2711 4831 2724 4844 '

914 5075 924 5084 ,
1005 4989 1012 5010 ’
1085 5001 1443 5098 Secundo,
1488 5005 1628 5074 vult
1673 4997 1863 5074 De'us
1908 5005 2282 5074 libertatem
2325 5005 2676 5096 regendae¹
2704 5003 2890 5094 loco·

912 5096 1240 5186 'motivae
1276 5113 1429 5160 esse
1483 5095 1547 5157 in
1618 5096 1949 5173 omuibus,
2019 5096 2214 5165 etiam
2275 5115 2414 5182 ‚non
2481 5095 2754 5182 renatis,
2820 5106 2892 5159 ut

923 5173 1474 5268 hemines-‚etiam
1521 5181 1652 5246 non
1702 5182 1910 5246 renati
1974 5180 2266 5246 habeant
2299 5181 2891 5270 ,iustitiamssarnis

926 5275 1051 5334 seu
1097 5265 1531 5352 disciplinam.
1623 5264 1834 5332 Recte
1893 5269 2064 5333 enim
2124 5265 2398 5348 dieitur,
2452 5264 2891 5352 Disciplinam

926 5375 1082 5421 esse
1129 5358 1428 5420 actiones
1476 5365 1787 5418 externas
1834 5345 2279 5438 congruentes
2327 5351 2472 5420 cum
2508 5335 2891 5440 Le'ge‘Dci,

915 5463 1205 5594 ‚giorum
1255 5462 1504 5516 causae
1551 5441 2064 5520 immediataeet
2107 5462 2230 5527 pro
2279 5442 2415 5506 riae
2455 5452 2634 5530 sunt.
2691 5442 2891 5505 Coo-i-

2947 2189 2950 2197 ³
2991 2157 3312 2240 Achillis,

996 5523 1104 5612 tio
1130 5525 1334 5616 Legis
1360 5529 1448 5610 „in”
1469 5538 1841 5624 ·¹.¹¹⁰¹'‘9.2‚²⁸
1877 5523 2234 5616 voluntas„
2261 5538 2423 5594 uxta
2455 5523 2662 5615 Legis
2708 5493 2892 5615 cogi·
2936 5482 2951 5598 l

2996 874 3121 953 sic,
3168 882 3239 937 ut
3273 867 3797 935 motus'extemi
3841 879 4215 954 congruant
4280 889 4434 933 cum
4474 868 4660 953 Lege
4702 869 4967 935 etiamsi

2993 960 3175 1024 intus
3218 976 3339 1021 cor
3383 953 3625 1020 habeat
3680 954 3985 1020 flammas
4030 955 4423 1020 contrarias.
4509 955 4813 1019 Necesse
4856 965 4969 1020 est

2995 1046 3170 1109 enim
3234 1039 3450 1119 lateri,
3512 1055 3817 1110 naturam
3875 1039 4212 1107 hominum
4257 1040 4356 1106 sic
4400 1042 4737 1106 conditam
4780 1062 4961 1120 esse,

2992 1141 3068 1198 ut
3114 1129 3300 1193 nervi
3344 1129 3412 1192 in
3456 1124 3655 1193 locali
3698 1140 3881 1193 motu
3926 1127 4201 1192 obedire
4245 1127 4627 1214 cogitationi
4673 1130 4963 1212 possint.

2994 1215 3109 1292 Sic
3156 1211 3454 1279 Achilles
3488 1214 3724 1293 iratus,
3793 1233 3943 1278 cum
3987 1212 4276 1277 honesta
4322 1215 4739 1298 cogitatione
4783 1234 4966 1279 com-

2992 1301 3286 1379 monefit,
3354 1301 3647 1385 reprimit
3701 1320 3959 1378 manus,
4025 1318 4112 1363 ne
4166 1297 4564 1365 interficiant
4605 1300 4967 1386 Agamem-

2974 1393 3258 1452 nonem.
3346 1385 3857 1490 Et-quanquam
3918 1381 4313 1471 Philosophi
4369 1383 4965 1472 multadisputant

2996 1475 3079 1538 de
3114 1471 3403 1538 humana
3448 1483 3713 1543 virtute,
3760 1483 3973 1537 tamen
4021 1473 4177 1558 quid
4224 1472 4435 1554 virtus
4472 1474 4560 1536 sit
4591 1473 4656 1536 in
4693 1470 4965 1538 homine

2991 1579 3127 1624 non
3189 1569 3444 1636 renato,
3507 1559 3633 1621 nisi
3689 1553 3841 1621 talis
3886 1577 4242 1623 nervorum
4302 1559 4718 1645 gubernatio,
4783 1578 4965 1645 quae

2996 1645 3400 1732 cogitatione
3474 1643 3573 1708 Le
3646 1663 3682 1706 s
3768 1645 4055 1730 regitur,
4138 1663 4274 1710 non
4351 1647 4519 1711 satis
4606 1647 4964 1729 perspicue

2996 1731 3255 1796 ostendi
3289 1740 3535 1814 potest,
3637 1740 3662 1793 t
3704 1726 3876 1795 haec
3920 1731 4319 1816 gubernatio
4388 1732 4456 1797 in
4522 1728 4672 1795 aliis
4718 1732 4960 1818 magiS,

2972 1818 3057 1881 ‘in
3112 1813 3262 1882 aliis
3328 1817 3544 1880 minus
3611 1816 3984 1900 adiuvatur,
4050 1814 4160 1880 vel
4226 1829 4771 1902 temperamento,
4848 1813 4958 1883 vel

2994 1904 3283 1967 motibus
3320 1901 3648 1980 Hernicis,
3694 1906 3804 1989 qui
3853 1913 4009 1966 sunt
4052 1900 4427 1988 singulares
4494 1916 4713 1968 motus
4775 1903 4959 1969 insiti

3040 1990 3486 2054 raestantibus
3553 1989 3716 2055 viris
3782 2009 3824 2054 a
3887 1986 4079 2066 Deo,
4152 1990 4327 2056 sicut
4390 1991 4604 2076 inquit
4670 1994 4957 2058 Seneca:

2990 2011 3191 2140 K'ulla
3244 2095 3488 2226 magna
3547 2074 3761 2141 virtus
3828 2076 3976 2140 sine
4019 2074 4168 2141 Deo
4234 2089 4365 2155 est,
4428 2089 4502 2142 ut
4568 2073 4958 2157 Alexandri,

3012 2247 3056 2310 Γ
3106 2247 3121 2262 .
3174 2247 3217 2311 L
3408 2157 3523 2227 ulii
3579 2158 3923 2241 fortitudo,
3988 2159 4256 2232 fuerunt
4297 2160 4677 2249 singulares
4733 2177 4957 2230 motus

2992 2269 3013 2312 t
3037 2268 3171 2314 tvm

3104 2491 3109 2496 ,
3164 2413 3259 2483 Ut
3301 2430 3522 2484 autem
3563 2414 3737 2484 alias
3778 2438 3988 2505 saepe
4031 2418 4301 2485 dicitur=
4367 2419 4600 2486 Sciant
4662 2422 4956 2487 iuniores

2997 2514 3285 2592 quatuor
3368 2507 3766 2590 praecipuas
3852 2518 3917 2570 et
3981 2507 4401 2572 necessarias
4468 2526 4709 2573 causas
4772 2528 4959 2588 esse,

2995 2603 3271 2676 propter
3313 2611 3483 2676 quas
3528 2612 3760 2656 omnes
3804 2591 4108 2658 homines
4156 2593 4349 2657 etiam
4393 2612 4528 2659 non
4565 2594 4801 2674 renati,
4845 2595 4959 2659 de-

2999 2678 3157 2744 bent
3218 2673 3563 2744 'externam
3628 2678 4071 2744 obedientiam
4118 2677 4267 2744 Deo
4323 2691 4692 2763 praestare.
4780 2678 4960 2754 Qua-

2996 2784 3144 2829 rum
3210 2783 3561 2830 causarum
3626 2764 3839 2849 prima
3896 2776 4047 2843 est,·
4090 2762 4526 2848 Praeceptum
4580 2764 4738 2848 Dei,
4804 2767 4961 2854 quia

2943 2921 2945 2923 ,
2997 2868 3230 2917 omnes
3276 2860 3624 2914 creaturae
3666 2851 3917 2916 debent
3956 2851 4401 2918 obedientiam
4441 2849 4616 2919 Deo.

3156 3018 3503 3100 Secunda,
3549 3033 3627 3104 ut,
3643 3023 3934 3114 vitentur
3954 2987 4211 3108 poenae
4231 3022 4429 3089 huius
4452 3023 4626 3090 vitae
4648 3033 4718 3090 et
4744 3035 4960 3090 aeter-

2980 3126 3146 3194 ·nae,
3178 3107 3342 3211 guia
3386 3103 3620 3212 regula
3665 3108 3888 3214 divina
3920 3120 4062 3213 est,
4122 3109 4401 3215 Atracia
4447 3107 4695 3216 delicta
4739 3111 4963 3215 puniri

2995 3195 3334 3352 &⁰¹33
3375 3194 4378 3368 {tsstfflmssssezffiz
4414 3194 4961 3367 {gffssszfflfssttss

2993 3365 3143 3431 Vae
3177 3367 3288 3450 qui
3332 3363 3627 3449 spoliaS,
3670 3368 3826 3452 quia
3866 3366 4291 3450 spoliaberis.
4376 3368 4560 3447 ltem,
4624 3368 4777 3434 Non
4840 3368 4960 3435 ha-

2947 3496 2948 3499 =
2996 3451 3178 3519 bebit
3219 3450 3407 3518 Deus
3442 3453 3775 3518 insontem
3838 3472 4029 3531 enm,
4095 3456 4207 3539 qui
4272 3475 4445 3520 vane
4506 3475 4748 3520 nomen
4810 3457 4959 3521 eius

2994 3550 3296 3622 usurpat.
3384 3538 3547 3604 ltem
3594 3540 3678 3604 de
3708 3539 4030 3619 incestis,
4078 3538 4314 3605 Omnis
4346 3540 4589 3605 anima
4696 3561 4820 3608 uae
4862 3540 4958 3608 fe·

2999 3625 3166 3692 cerit
3220 3624 3749 3696 abominationes
3813 3625 3964 3704 has,
4028 3627 4274 3709 peribit
4340 3629 4424 3693 de
4490 3648 4624 3712 pop
4698 3648 4740 3689 o
4808 3648 4955 3694 suo.

2951 3734 2953 3739 ’
2994 3707 3082 3776 Et
3124 3711 3191 3774 in
3233 3706 3340 3774 his
3384 3714 3497 3795 qui
3539 3731 3673 3777 non
3721 3721 4201 3778 convertuntur
4244 3715 4328 3777 ad
4376 3712 4756 3792 Dominum,
4798 3734 4958 3798 poe-

2997 3815 3127 3862 nae
3193 3814 3308 3872 cor
3359 3796 3583 3863 orales
3650 3807 3808 3876 sunt
3872 3798 4053 3864 initia
4106 3810 4525 3882 aeternarum
4566 3815 4956 3883 poenarum.

2998 3881 3248 3972 Sed-in
3292 3816 3424 3947 illis
3467 3883 3579 3969 qui
3624 3894 4103 3962 convertuntur
4142 3887 4232 3952 ad
4262 3882 4503 3963 Deum,
4545 3886 4961 3953 remittuntur

2998 3981 3316 4034 aeternae
3355 3989 3639 4053 poenae,
3681 3983 3756 4035 ut
3800 3968 4066 4049 Davidi,
4108 3969 4497 4050 Manassae,
4540 3982 4607 4036 et
4648 3970 4825 4052 aliis,
4891 3984 4961 4038 et

2997 4066 3213 4119 tamen
3252 4051 3366 4119 hic
3412 4075 3675 4141 quoque
3717 4057 3782 4120 in
3826 4056 3956 4121 hac
4001 4057 4136 4121 vita
4180 4059 4618 4144 castigantur,
4677 4058 4798 4144 sed
4842 4062 4960 4125 mi·

2998 4142 3163 4227 tigat
3208 4142 3305 4205 eis
3351 4139 3541 4206 Deus
3583 4157 3868 4227 poenas,
3932 4144 4116 4208 iuxta
4157 4143 4434 4210 dictum:
4483 4142 4957 4210 convertimini

2996 4228 3095 4290 ad.
3125 4248 3255 4304 me,
3300 4236 3368 4290 et
3408 4247 3537 4313 ego
3583 4242 3944 4294 convertar
3983 4230 4072 4293 ad
4115 4249 4265 4294 voS.
4351 4228 4535 4310 Item,
4578 4231 4809 4295 Bonus
4852 4242 4961 4298 est

2996 4311 3347 4392 Dominus,
3390 4313 3797 4400 et-poenitet
3840 4335 3987 4380 eum
4030 4309 4231 4380 mali.·
4298 4314 4679 4398 Item,‚Non
4719 4314 4958 4384 faciam

2978 4395 3289 4464 -furorem
3342 4401 3484 4465 irae
3548 4409 3760 4490 meae,
3798 4402 3977 4487 'quia
4019 4399 4212 4466 Deus
4280 4422 4411 4489 ego
4477 4423 4648 4470 sum.
4770 4403 4959 4484 Item,

2997 4483 3079 4549 Si
3102 4482 3361 4552 fuerint
3398 4500 3682 4571 peccata
3722 4498 3953 4553 vestra
3993 4498 4089 4570 ut·
4113 4490 4459 4555 coccinum
4514 4502 4582 4556 et
4635 4491 4962 4555 vermicu-

2997 4568 3126 4651 lus,
3171 4572 3356 4637 eritis
3400 4574 3663 4639 candidi
3704 4575 3880 4639 sient
3922 4573 4035 4637 nix
4080 4583 4209 4640 etc.

3070 4743 3077 4750 '
3166 4739 3396 4809 Tertia
3440 4751 3659 4809 causa'
3689 4747 3827 4825 θεῖ’,
3870 4742 4037 4811 Vult.
4079 4742 4272 4812 Deus
4331 4747 4529 4814 etiam
4567 4748 4634 4813 in
4678 4768 4814 4830 non
4856 4769 4958 4814 ree-

2996 4828 3172 4894 n'atis
3219 4843 3560 4904 externam
3617 4831 4077 4911 obedientiam,
4124 4847 4424 4920 propter
4465 4832 4743 4900 aliorum
4782 4847 4960 4900 tran-

2992 4912 3409 5068 ἓῐιῃίηῑῑθὶθῐη,
3453 4928 3521 5000 et
3566 4917 4143 5002 conservationem
4174 4921 4547 5000 commu-nis
4590 4921 4958 4987 societatis.

2992 5077 2999 5086 ,
3062 5024 3147 5067 on
3194 5006 3366 5068 e’nir'n
3412 5015 3679 5070 tantum·
3705 5005 3898 5072 nobis
3943 5006 4304 5085 nascimur,
4348 5007 4470 5072 sed
4512 5003 4666 5074 Lex
4699 5004 4829 5071 Dei
4868 5008 4960 5073 sit

2988 5091 3063 5239 {n
3111 5102 3521 5195 ‹xc-nspectu:
3587 5087 3985 5166 Quod'tibi-
4024 5113 4163 5160 non
4227 5093 4329 5160 vis
4396 5091 4591 5174 fieri,-
4628 5091 4827 5159 alteri
4870 5114 4960 5160 ne

3025 5195 3263 5242 scens.
4506 5211 4513 5218 ·

3170 5333 3426 5434 Quarta
3473 5318 3680 5416 causa
3735 5364 3865 5432 est,
3929 5349 4100 5425 Quia
4143 5343 4286 5420 Lex
4353 5343 4480 5436 est'
4521 5350 4958 5439 paedagogus

2996 5433 3062 5499 in
3108 5427 3474 5515 Christum,
3514 5438 3581 5502 id
3628 5439 3758 5516 es't,
3802 5435 4018 5503 in'h'is
4066 5439 4176 5523 qui
4222 5451 4654 5522 perseverant
4699 5440 4762 5503 in
4811 5457 4959 5502 see·

2994 5518 3283 5606 leribus,
3313 5524 3753 5592 certissimum
3778 5534 3929 5604 test,
3979 5545 4117 5592 non
4160 5543 4320 5590 esse
4348 5523 4711 5592 efficacem
4750 5524 4958 5612 Spiri-
