<?xml version="1.0" encoding="UTF-8"?>
<!DOCTYPE html PUBLIC "-//W3C//DTD XHTML 1.0 Transitional//EN"
    "http://www.w3.org/TR/xhtml1/DTD/xhtml1-transitional.dtd">
<html xmlns="http://www.w3.org/1999/xhtml" xml:lang="en" lang="en">
 <head>
  <title>
</title>
<meta http-equiv="Content-Type" content="text/html;charset=utf-8" />
  <meta name='ocr-system' content='tesseract 3.04.00' />
  <meta name='ocr-capabilities' content='ocr_page ocr_carea ocr_par ocr_line ocrx_word'/>
</head>
<body>
  <div class='ocr_page' id='page_1' title='image "./philippimelanth02melagoog_0431.png"; bbox 0 0 5892 6709; ppageno 0'>
   <div class='ocr_carea' id='block_1_1' title="bbox 1087 689 1834 759">
    <p class='ocr_par' dir='ltr' id='par_1_1' title="bbox 1087 689 1834 759">
     <span class='ocr_line' id='line_1_1' title="bbox 1087 689 1834 759; baseline -0.001 -2"><span class='ocrx_word' id='word_1_1' title='bbox 1087 691 1200 758; x_wconf 70' lang='lat' dir='ltr'><strong>Pam</strong></span> <span class='ocrx_word' id='word_1_2' title='bbox 1221 692 1326 759; x_wconf 83' lang='lat' dir='ltr'><strong>MEL.</strong></span> <span class='ocrx_word' id='word_1_3' title='bbox 1348 691 1536 759; x_wconf 59' lang='lat' dir='ltr'><strong>scalpta</strong></span> <span class='ocrx_word' id='word_1_4' title='bbox 1556 689 1834 758; x_wconf 76' lang='lat' dir='ltr'><strong>DOGhlA&#39;l&#39;lCA.</strong></span> 
     </span>
    </p>
   </div>
   <div class='ocr_carea' id='block_1_2' title="bbox 531 1033 2408 1369">
    <p class='ocr_par' dir='ltr' id='par_1_2' title="bbox 531 1033 2408 1369">
     <span class='ocr_line' id='line_1_2' title="bbox 531 1033 2408 1196; baseline -0.003 -17"><span class='ocrx_word' id='word_1_5' title='bbox 531 1093 882 1179; x_wconf 75' lang='lat' dir='ltr'><strong>SENTENTIAE</strong></span> <span class='ocrx_word' id='word_1_6' title='bbox 913 1093 991 1175; x_wconf 81' lang='lat' dir='ltr'><strong>ux</strong></span> <span class='ocrx_word' id='word_1_7' title='bbox 1024 1092 1220 1177; x_wconf 75' lang='lat' dir='ltr'><strong>saonis</strong></span> <span class='ocrx_word' id='word_1_8' title='bbox 1252 1092 1575 1178; x_wconf 79' lang='lat' dir='ltr'><strong>SCRIPTURIS</strong></span> <span class='ocrx_word' id='word_1_9' title='bbox 1608 1033 1964 1196; x_wconf 70' lang='lat' dir='ltr'><strong>concrema</strong></span> <span class='ocrx_word' id='word_1_10' title='bbox 1988 1090 2145 1195; x_wconf 81' lang='lat' dir='ltr'><strong>QUAE</strong></span> <span class='ocrx_word' id='word_1_11' title='bbox 2177 1087 2408 1176; x_wconf 78' lang='lat' dir='ltr'><strong>cocunt</strong></span> 
     </span>
     <span class='ocr_line' id='line_1_3' title="bbox 597 1261 2330 1369; baseline 0.001 -21"><span class='ocrx_word' id='word_1_12' title='bbox 597 1263 966 1349; x_wconf 78' lang='lat' dir='ltr'><strong>Paanmvuuu</strong></span> <span class='ocrx_word' id='word_1_13' title='bbox 999 1263 1233 1349; x_wconf 75' lang='lat' dir='ltr'><strong>aaaron</strong></span> <span class='ocrx_word' id='word_1_14' title='bbox 1265 1266 1360 1348; x_wconf 80' lang='lat' dir='ltr'><strong>our</strong></span> <span class='ocrx_word' id='word_1_15' title='bbox 1390 1264 1529 1369; x_wconf 80' lang='lat' dir='ltr'><strong>assu,</strong></span> <span class='ocrx_word' id='word_1_16' title='bbox 1561 1263 1911 1349; x_wconf 80' lang='lat' dir='ltr'><strong>Pnouovaaa</strong></span> <span class='ocrx_word' id='word_1_17' title='bbox 1941 1261 2330 1349; x_wconf 61' lang='lat' dir='ltr'><strong>avuncunmu„</strong></span> 
     </span>
    </p>
   </div>
   <div class='ocr_carea' id='block_1_3' title="bbox 1305 1488 1639 1573">
    <p class='ocr_par' dir='ltr' id='par_1_3' title="bbox 1305 1488 1639 1573">
     <span class='ocr_line' id='line_1_4' title="bbox 1305 1488 1639 1573; baseline -0.003 -2"><span class='ocrx_word' id='word_1_18' title='bbox 1305 1488 1639 1573; x_wconf 73' lang='lat' dir='ltr'><strong>PRAEFATIO.</strong></span> 
     </span>
    </p>
   </div>
   <div class='ocr_carea' id='block_1_4' title="bbox 461 1704 2482 2136">
    <p class='ocr_par' dir='ltr' id='par_1_4' title="bbox 461 1704 2482 2136">
     <span class='ocr_line' id='line_1_5' title="bbox 549 1704 2481 1790; baseline -0.001 -18"><span class='ocrx_word' id='word_1_19' title='bbox 549 1706 587 1772; x_wconf 92' lang='lat' dir='ltr'><strong>ln</strong></span> <span class='ocrx_word' id='word_1_20' title='bbox 609 1708 734 1772; x_wconf 81' lang='lat' dir='ltr'><strong>Genesi</strong></span> <span class='ocrx_word' id='word_1_21' title='bbox 757 1707 956 1772; x_wconf 82' lang='lat' dir='ltr'><strong>describitur</strong></span> <span class='ocrx_word' id='word_1_22' title='bbox 979 1707 1089 1771; x_wconf 89' lang='lat' dir='ltr'><strong>odium</strong></span> <span class='ocrx_word' id='word_1_23' title='bbox 1113 1719 1146 1770; x_wconf 89' lang='lat' dir='ltr'><strong>et</strong></span> <span class='ocrx_word' id='word_1_24' title='bbox 1168 1708 1308 1772; x_wconf 85' lang='lat' dir='ltr'><strong>saevitia</strong></span> <span class='ocrx_word' id='word_1_25' title='bbox 1320 1706 1444 1771; x_wconf 91' lang='lat' dir='ltr'><strong>diaboli</strong></span> <span class='ocrx_word' id='word_1_26' title='bbox 1497 1711 1528 1774; x_wconf 88' lang='lat' dir='ltr'><strong>id</strong></span> <span class='ocrx_word' id='word_1_27' title='bbox 1553 1721 1617 1787; x_wconf 88' lang='lat' dir='ltr'><strong>est,</strong></span> <span class='ocrx_word' id='word_1_28' title='bbox 1639 1704 1753 1786; x_wconf 86' lang='lat' dir='ltr'><strong>effice,</strong></span> <span class='ocrx_word' id='word_1_29' title='bbox 1788 1718 1823 1771; x_wconf 93' lang='lat' dir='ltr'><strong>ut</strong></span> <span class='ocrx_word' id='word_1_30' title='bbox 1845 1719 1937 1770; x_wconf 89' lang='lat' dir='ltr'><strong>recte</strong></span> <span class='ocrx_word' id='word_1_31' title='bbox 1960 1716 2186 1790; x_wconf 84' lang='lat' dir='ltr'><strong>agnoscatur,</strong></span> <span class='ocrx_word' id='word_1_32' title='bbox 2215 1715 2250 1769; x_wconf 90' lang='lat' dir='ltr'><strong>et</strong></span> <span class='ocrx_word' id='word_1_33' title='bbox 2270 1705 2481 1788; x_wconf 75' lang='lat' dir='ltr'><strong>praedicetur</strong></span> 
     </span>
     <span class='ocr_line' id='line_1_6' title="bbox 462 1791 2482 1876; baseline -0.003 -14"><span class='ocrx_word' id='word_1_34' title='bbox 462 1795 627 1862; x_wconf 88' lang='lat' dir='ltr'><strong>adversus</strong></span> <span class='ocrx_word' id='word_1_35' title='bbox 651 1791 819 1857; x_wconf 78' lang='lat' dir='ltr'><strong>Christum</strong></span> <span class='ocrx_word' id='word_1_36' title='bbox 852 1805 885 1858; x_wconf 87' lang='lat' dir='ltr'><strong>et</strong></span> <span class='ocrx_word' id='word_1_37' title='bbox 907 1794 1054 1857; x_wconf 87' lang='lat' dir='ltr'><strong>membra</strong></span> <span class='ocrx_word' id='word_1_38' title='bbox 1078 1791 1221 1871; x_wconf 82' lang='lat' dir='ltr'><strong>Christi,</strong></span> <span class='ocrx_word' id='word_1_39' title='bbox 1244 1814 1319 1858; x_wconf 88' lang='lat' dir='ltr'><strong>cum</strong></span> <span class='ocrx_word' id='word_1_40' title='bbox 1341 1795 1373 1857; x_wconf 91' lang='lat' dir='ltr'><strong>in</strong></span> <span class='ocrx_word' id='word_1_41' title='bbox 1397 1795 1445 1857; x_wconf 92' lang='lat' dir='ltr'><strong>uit</strong></span> <span class='ocrx_word' id='word_1_42' title='bbox 1498 1814 1617 1859; x_wconf 89' lang='lat' dir='ltr'><strong>nomen</strong></span> <span class='ocrx_word' id='word_1_43' title='bbox 1640 1805 1741 1872; x_wconf 80' lang='lat' dir='ltr'><strong>tuum,</strong></span> <span class='ocrx_word' id='word_1_44' title='bbox 1763 1795 1793 1857; x_wconf 85' lang='lat' dir='ltr'><strong>si</strong></span> <span class='ocrx_word' id='word_1_45' title='bbox 1812 1805 1846 1857; x_wconf 89' lang='lat' dir='ltr'><strong>tu</strong></span> <span class='ocrx_word' id='word_1_46' title='bbox 1870 1794 1953 1876; x_wconf 86' lang='lat' dir='ltr'><strong>ipse,</strong></span> <span class='ocrx_word' id='word_1_47' title='bbox 1976 1792 2088 1856; x_wconf 89' lang='lat' dir='ltr'><strong>sciens</strong></span> <span class='ocrx_word' id='word_1_48' title='bbox 2100 1791 2283 1869; x_wconf 87' lang='lat' dir='ltr'><strong>veritatem,</strong></span> <span class='ocrx_word' id='word_1_49' title='bbox 2305 1792 2388 1856; x_wconf 87' lang='lat' dir='ltr'><strong>sinis</strong></span> <span class='ocrx_word' id='word_1_50' title='bbox 2404 1811 2482 1857; x_wconf 87' lang='lat' dir='ltr'><strong>eam</strong></span> 
     </span>
     <span class='ocr_line' id='line_1_7' title="bbox 463 1815 2480 1966; baseline -0.003 -19"><span class='ocrx_word' id='word_1_51' title='bbox 463 1879 654 1963; x_wconf 84' lang='lat' dir='ltr'><strong>Scriptura:</strong></span> <span class='ocrx_word' id='word_1_52' title='bbox 674 1880 822 1964; x_wconf 88' lang='lat' dir='ltr'><strong>Serpens</strong></span> <span class='ocrx_word' id='word_1_53' title='bbox 844 1879 1009 1944; x_wconf 90' lang='lat' dir='ltr'><strong>mordebit</strong></span> <span class='ocrx_word' id='word_1_54' title='bbox 1031 1876 1225 1944; x_wconf 79' lang='lat' dir='ltr'><strong>calcaneum</strong></span> <span class='ocrx_word' id='word_1_55' title='bbox 1255 1880 1335 1944; x_wconf 86' lang='lat' dir='ltr'><strong>eius.</strong></span> <span class='ocrx_word' id='word_1_56' title='bbox 1376 1815 1445 1944; x_wconf 81' lang='lat' dir='ltr'><strong>llio</strong></span> <span class='ocrx_word' id='word_1_57' title='bbox 1498 1881 1656 1966; x_wconf 82' lang='lat' dir='ltr'><strong>opprimi,</strong></span> <span class='ocrx_word' id='word_1_58' title='bbox 1677 1892 1735 1944; x_wconf 91' lang='lat' dir='ltr'><strong>aut</strong></span> <span class='ocrx_word' id='word_1_59' title='bbox 1758 1878 1937 1947; x_wconf 83' lang='lat' dir='ltr'><strong>confirmas</strong></span> <span class='ocrx_word' id='word_1_60' title='bbox 1960 1878 2077 1962; x_wconf 78' lang='lat' dir='ltr'><strong>impios</strong></span> <span class='ocrx_word' id='word_1_61' title='bbox 2099 1875 2226 1956; x_wconf 88' lang='lat' dir='ltr'><strong>cultus,</strong></span> <span class='ocrx_word' id='word_1_62' title='bbox 2253 1898 2320 1942; x_wconf 92' lang='lat' dir='ltr'><strong>non</strong></span> <span class='ocrx_word' id='word_1_63' title='bbox 2342 1874 2480 1944; x_wconf 77' lang='lat' dir='ltr'><strong>confers</strong></span> 
     </span>
     <span class='ocr_line' id='line_1_8' title="bbox 461 1960 2480 2051; baseline -0.002 -19"><span class='ocrx_word' id='word_1_64' title='bbox 461 1987 597 2032; x_wconf 79' lang='lat' dir='ltr'><strong>morsus</strong></span> <span class='ocrx_word' id='word_1_65' title='bbox 620 1987 718 2051; x_wconf 86' lang='lat' dir='ltr'><strong>quam</strong></span> <span class='ocrx_word' id='word_1_66' title='bbox 749 1966 792 2030; x_wconf 90' lang='lat' dir='ltr'><strong>sit</strong></span> <span class='ocrx_word' id='word_1_67' title='bbox 814 1976 928 2043; x_wconf 83' lang='lat' dir='ltr'><strong>atrox,</strong></span> <span class='ocrx_word' id='word_1_68' title='bbox 957 1961 1049 2029; x_wconf 89' lang='lat' dir='ltr'><strong>nulla</strong></span> <span class='ocrx_word' id='word_1_69' title='bbox 1071 1963 1216 2029; x_wconf 89' lang='lat' dir='ltr'><strong>humana</strong></span> <span class='ocrx_word' id='word_1_70' title='bbox 1245 1985 1311 2029; x_wconf 87' lang='lat' dir='ltr'><strong>vox</strong></span> <span class='ocrx_word' id='word_1_71' title='bbox 1334 1962 1444 2050; x_wconf 89' lang='lat' dir='ltr'><strong>eloqui</strong></span> <span class='ocrx_word' id='word_1_72' title='bbox 1498 1968 1640 2030; x_wconf 88' lang='lat' dir='ltr'><strong>studium</strong></span> <span class='ocrx_word' id='word_1_73' title='bbox 1670 1967 1712 2030; x_wconf 89' lang='lat' dir='ltr'><strong>ad</strong></span> <span class='ocrx_word' id='word_1_74' title='bbox 1734 1963 1953 2030; x_wconf 87' lang='lat' dir='ltr'><strong>illustrandos</strong></span> <span class='ocrx_word' id='word_1_75' title='bbox 1975 1984 2076 2028; x_wconf 86' lang='lat' dir='ltr'><strong>veros</strong></span> <span class='ocrx_word' id='word_1_76' title='bbox 2103 1960 2226 2045; x_wconf 73' lang='lat' dir='ltr'><strong>culina.</strong></span> <span class='ocrx_word' id='word_1_77' title='bbox 2269 1963 2344 2037; x_wconf 88' lang='lat' dir='ltr'><strong>Quo</strong></span> <span class='ocrx_word' id='word_1_78' title='bbox 2367 1964 2480 2028; x_wconf 87' lang='lat' dir='ltr'><strong>animo</strong></span> 
     </span>
     <span class='ocr_line' id='line_1_9' title="bbox 462 2050 2481 2136; baseline -0.001 -19"><span class='ocrx_word' id='word_1_79' title='bbox 462 2063 583 2136; x_wconf 85' lang='lat' dir='ltr'><strong>potest.</strong></span> <span class='ocrx_word' id='word_1_80' title='bbox 1497 2054 1602 2119; x_wconf 81' lang='lat' dir='ltr'><strong>audes</strong></span> <span class='ocrx_word' id='word_1_81' title='bbox 1624 2053 1782 2117; x_wconf 91' lang='lat' dir='ltr'><strong>invocare</strong></span> <span class='ocrx_word' id='word_1_82' title='bbox 1804 2051 1931 2129; x_wconf 91' lang='lat' dir='ltr'><strong>Deum,</strong></span> <span class='ocrx_word' id='word_1_83' title='bbox 1954 2051 1983 2114; x_wconf 87' lang='lat' dir='ltr'><strong>si</strong></span> <span class='ocrx_word' id='word_1_84' title='bbox 2006 2052 2078 2133; x_wconf 87' lang='lat' dir='ltr'><strong>ipso</strong></span> <span class='ocrx_word' id='word_1_85' title='bbox 2099 2051 2230 2115; x_wconf 89' lang='lat' dir='ltr'><strong>adiutor</strong></span> <span class='ocrx_word' id='word_1_86' title='bbox 2258 2070 2316 2129; x_wconf 90' lang='lat' dir='ltr'><strong>es,</strong></span> <span class='ocrx_word' id='word_1_87' title='bbox 2348 2063 2385 2115; x_wconf 92' lang='lat' dir='ltr'><strong>ut</strong></span> <span class='ocrx_word' id='word_1_88' title='bbox 2406 2050 2481 2115; x_wconf 79' lang='lat' dir='ltr'><strong>eius</strong></span> 
     </span>
    </p>
   </div>
   <div class='ocr_carea' id='block_1_5' title="bbox 549 2136 1986 2307">
    <p class='ocr_par' dir='ltr' id='par_1_5' title="bbox 549 2136 1986 2307">
     <span class='ocr_line' id='line_1_10' title="bbox 1497 2136 1986 2203; baseline -0.006 0"><span class='ocrx_word' id='word_1_89' title='bbox 1497 2139 1614 2203; x_wconf 90' lang='lat' dir='ltr'><strong>notitia</strong></span> <span class='ocrx_word' id='word_1_90' title='bbox 1636 2140 1795 2203; x_wconf 90' lang='lat' dir='ltr'><strong>obruatur</strong></span> <span class='ocrx_word' id='word_1_91' title='bbox 1816 2136 1986 2202; x_wconf 75' lang='lat' dir='ltr'><strong>tenebrisi</strong></span> 
     </span>
     <span class='ocr_line' id='line_1_11' title="bbox 549 2220 1445 2307; baseline 0.003 -22"><span class='ocrx_word' id='word_1_92' title='bbox 549 2222 697 2287; x_wconf 79' lang='lat' dir='ltr'><strong>incendit</strong></span> <span class='ocrx_word' id='word_1_93' title='bbox 719 2220 874 2286; x_wconf 88' lang='lat' dir='ltr'><strong>diabolus</strong></span> <span class='ocrx_word' id='word_1_94' title='bbox 889 2223 1018 2307; x_wconf 92' lang='lat' dir='ltr'><strong>impios,</strong></span> <span class='ocrx_word' id='word_1_95' title='bbox 1040 2235 1077 2287; x_wconf 91' lang='lat' dir='ltr'><strong>ut</strong></span> <span class='ocrx_word' id='word_1_96' title='bbox 1099 2221 1246 2288; x_wconf 89' lang='lat' dir='ltr'><strong>lacerent</strong></span> <span class='ocrx_word' id='word_1_97' title='bbox 1258 2221 1445 2288; x_wconf 80' lang='lat' dir='ltr'><strong>Ecclesiam</strong></span> 
     </span>
    </p>
   </div>
   <div class='ocr_carea' id='block_1_6' title="bbox 462 2293 2607 2394">
    <p class='ocr_par' dir='ltr' id='par_1_6' title="bbox 462 2293 2607 2394">
     <span class='ocr_line' id='line_1_12' title="bbox 462 2293 2607 2394; baseline -0.002 -21"><span class='ocrx_word' id='word_1_98' title='bbox 462 2305 679 2373; x_wconf 85' lang='lat' dir='ltr'><strong>horribilibus</strong></span> <span class='ocrx_word' id='word_1_99' title='bbox 698 2309 893 2393; x_wconf 86' lang='lat' dir='ltr'><strong>parricidiis,</strong></span> <span class='ocrx_word' id='word_1_100' title='bbox 905 2308 987 2371; x_wconf 90' lang='lat' dir='ltr'><strong>serit</strong></span> <span class='ocrx_word' id='word_1_101' title='bbox 997 2305 1169 2387; x_wconf 86' lang='lat' dir='ltr'><strong>scandala,</strong></span> <span class='ocrx_word' id='word_1_102' title='bbox 1183 2311 1357 2373; x_wconf 81' lang='lat' dir='ltr'><strong>insidiatur</strong></span> <span class='ocrx_word' id='word_1_103' title='bbox 1369 2329 1445 2373; x_wconf 88' lang='lat' dir='ltr'><strong>san·</strong></span> <span class='ocrx_word' id='word_1_104' title='bbox 1583 2309 1669 2373; x_wconf 91' lang='lat' dir='ltr'><strong>Nam</strong></span> <span class='ocrx_word' id='word_1_105' title='bbox 1692 2310 1824 2374; x_wconf 87' lang='lat' dir='ltr'><strong>exaudit</strong></span> <span class='ocrx_word' id='word_1_106' title='bbox 1851 2306 1946 2372; x_wconf 89' lang='lat' dir='ltr'><strong>Dens</strong></span> <span class='ocrx_word' id='word_1_107' title='bbox 1969 2328 2045 2385; x_wconf 81' lang='lat' dir='ltr'><strong>eos,</strong></span> <span class='ocrx_word' id='word_1_108' title='bbox 2071 2308 2126 2392; x_wconf 88' lang='lat' dir='ltr'><strong>qui</strong></span> <span class='ocrx_word' id='word_1_109' title='bbox 2149 2307 2253 2390; x_wconf 83' lang='lat' dir='ltr'><strong>ipsius</strong></span> <span class='ocrx_word' id='word_1_110' title='bbox 2277 2305 2419 2394; x_wconf 84' lang='lat' dir='ltr'><strong>gloriam</strong></span> <span class='ocrx_word' id='word_1_111' title='bbox 2442 2303 2480 2369; x_wconf 91' lang='lat' dir='ltr'><strong>il·</strong></span> <span class='ocrx_word' id='word_1_112' title='bbox 2597 2293 2607 2302; x_wconf 65' lang='grc'><strong><em>’</em></strong></span> 
     </span>
    </p>
   </div>
   <div class='ocr_carea' id='block_1_7' title="bbox 384 2391 2493 4898">
    <p class='ocr_par' dir='ltr' id='par_1_7' title="bbox 461 2391 2485 3520">
     <span class='ocr_line' id='line_1_13' title="bbox 464 2391 2481 2482; baseline -0.001 -22"><span class='ocrx_word' id='word_1_113' title='bbox 464 2397 545 2474; x_wconf 88' lang='lat' dir='ltr'><strong>ctis,</strong></span> <span class='ocrx_word' id='word_1_114' title='bbox 577 2407 616 2459; x_wconf 90' lang='lat' dir='ltr'><strong>ut</strong></span> <span class='ocrx_word' id='word_1_115' title='bbox 637 2415 698 2459; x_wconf 88' lang='lat' dir='ltr'><strong>eos</strong></span> <span class='ocrx_word' id='word_1_116' title='bbox 721 2396 753 2457; x_wconf 88' lang='lat' dir='ltr'><strong>in</strong></span> <span class='ocrx_word' id='word_1_117' title='bbox 778 2415 914 2460; x_wconf 86' lang='lat' dir='ltr'><strong>errores</strong></span> <span class='ocrx_word' id='word_1_118' title='bbox 938 2408 970 2459; x_wconf 90' lang='lat' dir='ltr'><strong>et</strong></span> <span class='ocrx_word' id='word_1_119' title='bbox 997 2406 1140 2480; x_wconf 88' lang='lat' dir='ltr'><strong>peccata</strong></span> <span class='ocrx_word' id='word_1_120' title='bbox 1162 2398 1375 2482; x_wconf 84' lang='lat' dir='ltr'><strong>praecipitet,</strong></span> <span class='ocrx_word' id='word_1_121' title='bbox 1409 2408 1446 2459; x_wconf 90' lang='lat' dir='ltr'><strong>ut</strong></span> <span class='ocrx_word' id='word_1_122' title='bbox 1498 2394 1635 2468; x_wconf 86' lang='lat' dir='ltr'><strong>lustrari</strong></span> <span class='ocrx_word' id='word_1_123' title='bbox 1667 2408 1701 2460; x_wconf 88' lang='lat' dir='ltr'><strong>et</strong></span> <span class='ocrx_word' id='word_1_124' title='bbox 1730 2396 1878 2480; x_wconf 88' lang='lat' dir='ltr'><strong>conspici</strong></span> <span class='ocrx_word' id='word_1_125' title='bbox 1906 2391 2040 2471; x_wconf 89' lang='lat' dir='ltr'><strong>nolunt,</strong></span> <span class='ocrx_word' id='word_1_126' title='bbox 2072 2395 2160 2466; x_wconf 88' lang='lat' dir='ltr'><strong>sicut</strong></span> <span class='ocrx_word' id='word_1_127' title='bbox 2181 2391 2305 2458; x_wconf 82' lang='lat' dir='ltr'><strong>Psalm.</strong></span> <span class='ocrx_word' id='word_1_128' title='bbox 2337 2393 2390 2466; x_wconf 82' lang='lat'><strong>16.</strong></span> <span class='ocrx_word' id='word_1_129' title='bbox 2417 2394 2481 2468; x_wconf 64' lang='lat' dir='ltr'><strong>aits</strong></span> 
     </span>
     <span class='ocr_line' id='line_1_14' title="bbox 461 2478 2480 2566; baseline -0.001 -20"><span class='ocrx_word' id='word_1_130' title='bbox 461 2478 629 2552; x_wconf 80' lang='lat' dir='ltr'><strong>Davidem</strong></span> <span class='ocrx_word' id='word_1_131' title='bbox 652 2481 752 2546; x_wconf 85' lang='lat' dir='ltr'><strong>traxit</strong></span> <span class='ocrx_word' id='word_1_132' title='bbox 772 2482 807 2545; x_wconf 92' lang='lat' dir='ltr'><strong>in</strong></span> <span class='ocrx_word' id='word_1_133' title='bbox 828 2478 1038 2548; x_wconf 88' lang='lat' dir='ltr'><strong>adulterium.</strong></span> <span class='ocrx_word' id='word_1_134' title='bbox 1082 2479 1118 2545; x_wconf 90' lang='lat' dir='ltr'><strong>ld</strong></span> <span class='ocrx_word' id='word_1_135' title='bbox 1141 2493 1446 2566; x_wconf 85' lang='lat' dir='ltr'><strong>peccatumsccuta</strong></span> <span class='ocrx_word' id='word_1_136' title='bbox 1498 2484 1574 2552; x_wconf 90' lang='lat' dir='ltr'><strong>Non</strong></span> <span class='ocrx_word' id='word_1_137' title='bbox 1599 2503 1657 2545; x_wconf 83' lang='lat' dir='ltr'><strong>ero</strong></span> <span class='ocrx_word' id='word_1_138' title='bbox 1680 2502 1805 2550; x_wconf 82' lang='lat' dir='ltr'><strong>memor</strong></span> <span class='ocrx_word' id='word_1_139' title='bbox 1827 2481 1968 2552; x_wconf 79' lang='lat' dir='ltr'><strong>nominis</strong></span> <span class='ocrx_word' id='word_1_140' title='bbox 1991 2499 2107 2548; x_wconf 89' lang='lat' dir='ltr'><strong>eorum</strong></span> <span class='ocrx_word' id='word_1_141' title='bbox 2130 2491 2193 2548; x_wconf 84' lang='lat' dir='ltr'><strong>etc·</strong></span> <span class='ocrx_word' id='word_1_142' title='bbox 2236 2478 2312 2546; x_wconf 89' lang='lat' dir='ltr'><strong>lloc</strong></span> <span class='ocrx_word' id='word_1_143' title='bbox 2339 2478 2480 2556; x_wconf 77' lang='lat' dir='ltr'><strong>horren·</strong></span> 
     </span>
     <span class='ocr_line' id='line_1_15' title="bbox 462 2563 2482 2652; baseline -0.002 -19"><span class='ocrx_word' id='word_1_144' title='bbox 462 2579 516 2633; x_wconf 88' lang='lat' dir='ltr'><strong>est</strong></span> <span class='ocrx_word' id='word_1_145' title='bbox 538 2567 669 2646; x_wconf 86' lang='lat' dir='ltr'><strong>seditio,</strong></span> <span class='ocrx_word' id='word_1_146' title='bbox 691 2567 810 2632; x_wconf 87' lang='lat' dir='ltr'><strong>deinde</strong></span> <span class='ocrx_word' id='word_1_147' title='bbox 831 2564 912 2652; x_wconf 83' lang='lat' dir='ltr'><strong>iuga</strong></span> <span class='ocrx_word' id='word_1_148' title='bbox 935 2565 1088 2647; x_wconf 88' lang='lat' dir='ltr'><strong>Davidis,</strong></span> <span class='ocrx_word' id='word_1_149' title='bbox 1112 2568 1235 2632; x_wconf 82' lang='lat' dir='ltr'><strong>caedes</strong></span> <span class='ocrx_word' id='word_1_150' title='bbox 1259 2568 1390 2647; x_wconf 90' lang='lat' dir='ltr'><strong>civium,</strong></span> <span class='ocrx_word' id='word_1_151' title='bbox 1413 2580 1446 2631; x_wconf 90' lang='lat' dir='ltr'><strong>et</strong></span> <span class='ocrx_word' id='word_1_152' title='bbox 1498 2570 1576 2633; x_wconf 92' lang='lat' dir='ltr'><strong>dum</strong></span> <span class='ocrx_word' id='word_1_153' title='bbox 1629 2578 1778 2632; x_wconf 89' lang='lat' dir='ltr'><strong>eccatum</strong></span> <span class='ocrx_word' id='word_1_154' title='bbox 1807 2589 1880 2634; x_wconf 90' lang='lat' dir='ltr'><strong>cum</strong></span> <span class='ocrx_word' id='word_1_155' title='bbox 1903 2566 2000 2651; x_wconf 89' lang='lat' dir='ltr'><strong>pauci</strong></span> <span class='ocrx_word' id='word_1_156' title='bbox 2021 2563 2225 2652; x_wconf 89' lang='lat' dir='ltr'><strong>intelligant,</strong></span> <span class='ocrx_word' id='word_1_157' title='bbox 2248 2565 2482 2631; x_wconf 91' lang='lat' dir='ltr'><strong>admonendae</strong></span> 
     </span>
     <span class='ocr_line' id='line_1_16' title="bbox 461 2591 2481 2739; baseline -0.004 -19"><span class='ocrx_word' id='word_1_158' title='bbox 461 2651 527 2720; x_wconf 89' lang='lat' dir='ltr'><strong>alia</strong></span> <span class='ocrx_word' id='word_1_159' title='bbox 549 2655 696 2738; x_wconf 85' lang='lat' dir='ltr'><strong>ingentia</strong></span> <span class='ocrx_word' id='word_1_160' title='bbox 729 2664 880 2739; x_wconf 86' lang='lat' dir='ltr'><strong>peccata.</strong></span> <span class='ocrx_word' id='word_1_161' title='bbox 926 2652 983 2718; x_wconf 83' lang='lat' dir='ltr'><strong>Sic</strong></span> <span class='ocrx_word' id='word_1_162' title='bbox 1005 2654 1093 2718; x_wconf 91' lang='lat' dir='ltr'><strong>omni</strong></span> <span class='ocrx_word' id='word_1_163' title='bbox 1122 2665 1270 2737; x_wconf 87' lang='lat' dir='ltr'><strong>tempore</strong></span> <span class='ocrx_word' id='word_1_164' title='bbox 1292 2652 1445 2719; x_wconf 89' lang='lat' dir='ltr'><strong>diabolus</strong></span> <span class='ocrx_word' id='word_1_165' title='bbox 1498 2668 1577 2722; x_wconf 84' lang='lat' dir='ltr'><strong>surrt</strong></span> <span class='ocrx_word' id='word_1_166' title='bbox 1598 2591 1783 2724; x_wconf 71' lang='lat' dir='ltr'><strong>Ecclesiae.</strong></span> <span class='ocrx_word' id='word_1_167' title='bbox 1828 2652 1902 2730; x_wconf 87' lang='lat' dir='ltr'><strong>Qua</strong></span> <span class='ocrx_word' id='word_1_168' title='bbox 1925 2654 2130 2718; x_wconf 86' lang='lat' dir='ltr'><strong>conscientia</strong></span> <span class='ocrx_word' id='word_1_169' title='bbox 2157 2649 2243 2737; x_wconf 85' lang='lat' dir='ltr'><strong>legis</strong></span> <span class='ocrx_word' id='word_1_170' title='bbox 2264 2654 2298 2716; x_wconf 93' lang='lat' dir='ltr'><strong>in</strong></span> <span class='ocrx_word' id='word_1_171' title='bbox 2328 2651 2481 2716; x_wconf 82' lang='lat' dir='ltr'><strong>Psalmo:</strong></span> 
     </span>
     <span class='ocr_line' id='line_1_17' title="bbox 461 2736 2483 2825; baseline -0.003 -18"><span class='ocrx_word' id='word_1_172' title='bbox 461 2752 496 2808; x_wconf 88' lang='lat' dir='ltr'><strong>ct</strong></span> <span class='ocrx_word' id='word_1_173' title='bbox 529 2739 717 2805; x_wconf 85' lang='lat' dir='ltr'><strong>deformare</strong></span> <span class='ocrx_word' id='word_1_174' title='bbox 758 2751 792 2803; x_wconf 93' lang='lat' dir='ltr'><strong>et</strong></span> <span class='ocrx_word' id='word_1_175' title='bbox 824 2737 938 2804; x_wconf 87' lang='lat' dir='ltr'><strong>delere</strong></span> <span class='ocrx_word' id='word_1_176' title='bbox 970 2739 1071 2804; x_wconf 84' lang='lat' dir='ltr'><strong>variis</strong></span> <span class='ocrx_word' id='word_1_177' title='bbox 1116 2740 1225 2806; x_wconf 87' lang='lat' dir='ltr'><strong>modis</strong></span> <span class='ocrx_word' id='word_1_178' title='bbox 1258 2737 1446 2805; x_wconf 80' lang='lat' dir='ltr'><strong>Ecclesiam</strong></span> <span class='ocrx_word' id='word_1_179' title='bbox 1497 2740 1738 2814; x_wconf 88' lang='lat' dir='ltr'><strong>Laudationem</strong></span> <span class='ocrx_word' id='word_1_180' title='bbox 1748 2738 1884 2808; x_wconf 79' lang='lat' dir='ltr'><strong>Domini</strong></span> <span class='ocrx_word' id='word_1_181' title='bbox 1907 2736 2061 2825; x_wconf 86' lang='lat' dir='ltr'><strong>loquetur</strong></span> <span class='ocrx_word' id='word_1_182' title='bbox 2077 2761 2117 2803; x_wconf 81' lang='lat' dir='ltr'><strong>os</strong></span> <span class='ocrx_word' id='word_1_183' title='bbox 2139 2758 2259 2817; x_wconf 83' lang='lat' dir='ltr'><strong>meum,</strong></span> <span class='ocrx_word' id='word_1_184' title='bbox 2281 2739 2317 2803; x_wconf 85' lang='lat' dir='ltr'><strong>Si</strong></span> <span class='ocrx_word' id='word_1_185' title='bbox 2340 2759 2407 2803; x_wconf 91' lang='lat' dir='ltr'><strong>non</strong></span> <span class='ocrx_word' id='word_1_186' title='bbox 2423 2759 2483 2801; x_wconf 93' lang='lat' dir='ltr'><strong>cu·</strong></span> 
     </span>
     <span class='ocr_line' id='line_1_18' title="bbox 462 2820 2483 2913; baseline -0.003 -21"><span class='ocrx_word' id='word_1_187' title='bbox 462 2825 586 2892; x_wconf 83' lang='lat' dir='ltr'><strong>Christi</strong></span> <span class='ocrx_word' id='word_1_188' title='bbox 610 2838 759 2904; x_wconf 89' lang='lat' dir='ltr'><strong>conatur,</strong></span> <span class='ocrx_word' id='word_1_189' title='bbox 781 2838 817 2891; x_wconf 89' lang='lat' dir='ltr'><strong>ut</strong></span> <span class='ocrx_word' id='word_1_190' title='bbox 839 2823 974 2889; x_wconf 85' lang='lat' dir='ltr'><strong>aboleat</strong></span> <span class='ocrx_word' id='word_1_191' title='bbox 986 2845 1098 2890; x_wconf 87' lang='lat' dir='ltr'><strong>veram</strong></span> <span class='ocrx_word' id='word_1_192' title='bbox 1119 2828 1314 2904; x_wconf 87' lang='lat' dir='ltr'><strong>doctrinam,</strong></span> <span class='ocrx_word' id='word_1_193' title='bbox 1339 2837 1371 2891; x_wconf 92' lang='lat' dir='ltr'><strong>et</strong></span> <span class='ocrx_word' id='word_1_194' title='bbox 1389 2847 1446 2891; x_wconf 92' lang='lat' dir='ltr'><strong>ve·</strong></span> <span class='ocrx_word' id='word_1_195' title='bbox 1498 2848 1554 2913; x_wconf 75' lang='lat' dir='ltr'><strong>ras</strong></span> <span class='ocrx_word' id='word_1_196' title='bbox 1588 2820 1748 2891; x_wconf 89' lang='lat' dir='ltr'><strong>celebrari</strong></span> <span class='ocrx_word' id='word_1_197' title='bbox 1772 2846 1870 2891; x_wconf 89' lang='lat' dir='ltr'><strong>veras</strong></span> <span class='ocrx_word' id='word_1_198' title='bbox 1899 2824 1963 2889; x_wconf 93' lang='lat' dir='ltr'><strong>Dei</strong></span> <span class='ocrx_word' id='word_1_199' title='bbox 1995 2823 2132 2890; x_wconf 71' lang='lat' dir='ltr'><strong>laudes?</strong></span> <span class='ocrx_word' id='word_1_200' title='bbox 2175 2824 2281 2889; x_wconf 89' lang='lat' dir='ltr'><strong>Nemo</strong></span> <span class='ocrx_word' id='word_1_201' title='bbox 2314 2825 2483 2889; x_wconf 79' lang='lat' dir='ltr'><strong>existimet</strong></span> 
     </span>
     <span class='ocr_line' id='line_1_19' title="bbox 461 2909 2483 2997; baseline -0.003 -18"><span class='ocrx_word' id='word_1_202' title='bbox 461 2934 520 2979; x_wconf 89' lang='lat' dir='ltr'><strong>ros</strong></span> <span class='ocrx_word' id='word_1_203' title='bbox 542 2909 608 2976; x_wconf 91' lang='lat' dir='ltr'><strong>Dei</strong></span> <span class='ocrx_word' id='word_1_204' title='bbox 633 2910 751 2976; x_wconf 86' lang='lat' dir='ltr'><strong>cultus¹</strong></span> <span class='ocrx_word' id='word_1_205' title='bbox 797 2912 972 2976; x_wconf 81' lang='lat' dir='ltr'><strong>Adversus</strong></span> <span class='ocrx_word' id='word_1_206' title='bbox 1000 2911 1089 2978; x_wconf 93' lang='lat' dir='ltr'><strong>hunc</strong></span> <span class='ocrx_word' id='word_1_207' title='bbox 1112 2925 1177 2976; x_wconf 87' lang='lat' dir='ltr'><strong>tam</strong></span> <span class='ocrx_word' id='word_1_208' title='bbox 1208 2913 1358 2977; x_wconf 90' lang='lat' dir='ltr'><strong>rabidum</strong></span> <span class='ocrx_word' id='word_1_209' title='bbox 1388 2918 1446 2977; x_wconf 93' lang='lat' dir='ltr'><strong>ho·</strong></span> <span class='ocrx_word' id='word_1_210' title='bbox 1499 2916 1585 2979; x_wconf 90' lang='lat' dir='ltr'><strong>hanc</strong></span> <span class='ocrx_word' id='word_1_211' title='bbox 1619 2935 1733 2978; x_wconf 87' lang='lat' dir='ltr'><strong>curam</strong></span> <span class='ocrx_word' id='word_1_212' title='bbox 1755 2910 1837 2977; x_wconf 90' lang='lat' dir='ltr'><strong>nihil</strong></span> <span class='ocrx_word' id='word_1_213' title='bbox 1859 2913 1958 2976; x_wconf 89' lang='lat' dir='ltr'><strong>adse</strong></span> <span class='ocrx_word' id='word_1_214' title='bbox 1980 2914 2162 2997; x_wconf 89' lang='lat' dir='ltr'><strong>pertinere,</strong></span> <span class='ocrx_word' id='word_1_215' title='bbox 2195 2912 2256 2975; x_wconf 90' lang='lat' dir='ltr'><strong>sad</strong></span> <span class='ocrx_word' id='word_1_216' title='bbox 2288 2922 2414 2975; x_wconf 84' lang='lat' dir='ltr'><strong>tantum</strong></span> <span class='ocrx_word' id='word_1_217' title='bbox 2438 2909 2483 2973; x_wconf 83' lang='lat' dir='ltr'><strong>ad</strong></span> 
     </span>
     <span class='ocr_line' id='line_1_20' title="bbox 462 2993 2483 3088; baseline -0.002 -24"><span class='ocrx_word' id='word_1_218' title='bbox 462 3009 548 3064; x_wconf 83' lang='lat' dir='ltr'><strong>stem</strong></span> <span class='ocrx_word' id='word_1_219' title='bbox 571 3000 691 3062; x_wconf 89' lang='lat' dir='ltr'><strong>armari</strong></span> <span class='ocrx_word' id='word_1_220' title='bbox 713 3018 776 3062; x_wconf 92' lang='lat' dir='ltr'><strong>nos</strong></span> <span class='ocrx_word' id='word_1_221' title='bbox 805 3000 909 3062; x_wconf 88' lang='lat' dir='ltr'><strong>verbo</strong></span> <span class='ocrx_word' id='word_1_222' title='bbox 932 2993 997 3063; x_wconf 90' lang='lat' dir='ltr'><strong>Dei</strong></span> <span class='ocrx_word' id='word_1_223' title='bbox 1030 3011 1063 3062; x_wconf 90' lang='lat' dir='ltr'><strong>et</strong></span> <span class='ocrx_word' id='word_1_224' title='bbox 1085 2997 1152 3063; x_wconf 90' lang='lat' dir='ltr'><strong>fide</strong></span> <span class='ocrx_word' id='word_1_225' title='bbox 1174 3010 1315 3084; x_wconf 85' lang='lat' dir='ltr'><strong>oportet.</strong></span> <span class='ocrx_word' id='word_1_226' title='bbox 1361 2996 1445 3063; x_wconf 90' lang='lat' dir='ltr'><strong>Cum</strong></span> <span class='ocrx_word' id='word_1_227' title='bbox 1499 3001 1666 3065; x_wconf 87' lang='lat' dir='ltr'><strong>doctores.</strong></span> <span class='ocrx_word' id='word_1_228' title='bbox 1701 3000 1826 3064; x_wconf 87' lang='lat' dir='ltr'><strong>Omnes</strong></span> <span class='ocrx_word' id='word_1_229' title='bbox 1848 3000 1891 3062; x_wconf 92' lang='lat' dir='ltr'><strong>ad</strong></span> <span class='ocrx_word' id='word_1_230' title='bbox 1913 2997 1981 3062; x_wconf 91' lang='lat' dir='ltr'><strong>boc</strong></span> <span class='ocrx_word' id='word_1_231' title='bbox 2002 2998 2180 3088; x_wconf 87' lang='lat' dir='ltr'><strong>praecipue</strong></span> <span class='ocrx_word' id='word_1_232' title='bbox 2204 2998 2328 3062; x_wconf 92' lang='lat' dir='ltr'><strong>conditi</strong></span> <span class='ocrx_word' id='word_1_233' title='bbox 2351 3016 2483 3075; x_wconf 86' lang='lat' dir='ltr'><strong>sumus,</strong></span> 
     </span>
     <span class='ocr_line' id='line_1_21' title="bbox 461 3080 2485 3172; baseline -0.002 -21"><span class='ocrx_word' id='word_1_234' title='bbox 461 3087 473 3151; x_wconf 88' lang='lat' dir='ltr'><strong>i</strong></span> <span class='ocrx_word' id='word_1_235' title='bbox 499 3087 562 3149; x_wconf 89' lang='lat' dir='ltr'><strong>&#39;tur</strong></span> <span class='ocrx_word' id='word_1_236' title='bbox 589 3088 739 3172; x_wconf 77' lang='lat' dir='ltr'><strong>tyrannis</strong></span> <span class='ocrx_word' id='word_1_237' title='bbox 763 3085 933 3169; x_wconf 77' lang='lat' dir='ltr'><strong>impiorum</strong></span> <span class='ocrx_word' id='word_1_238' title='bbox 962 3082 1099 3162; x_wconf 89' lang='lat' dir='ltr'><strong>multos,</strong></span> <span class='ocrx_word' id='word_1_239' title='bbox 1129 3087 1184 3172; x_wconf 85' lang='lat' dir='ltr'><strong>qui</strong></span> <span class='ocrx_word' id='word_1_240' title='bbox 1207 3098 1328 3152; x_wconf 84' lang='lat' dir='ltr'><strong>norunt</strong></span> <span class='ocrx_word' id='word_1_241' title='bbox 1359 3085 1447 3170; x_wconf 88' lang='lat' dir='ltr'><strong>piam</strong></span> <span class='ocrx_word' id='word_1_242' title='bbox 1498 3087 1540 3152; x_wconf 90' lang='lat' dir='ltr'><strong>ad</strong></span> <span class='ocrx_word' id='word_1_243' title='bbox 1563 3083 1630 3151; x_wconf 91' lang='lat' dir='ltr'><strong>hoc</strong></span> <span class='ocrx_word' id='word_1_244' title='bbox 1652 3087 1757 3151; x_wconf 91' lang='lat' dir='ltr'><strong>renati</strong></span> <span class='ocrx_word' id='word_1_245' title='bbox 1779 3105 1911 3164; x_wconf 85' lang='lat' dir='ltr'><strong>sumus,</strong></span> <span class='ocrx_word' id='word_1_246' title='bbox 1943 3095 1980 3149; x_wconf 89' lang='lat' dir='ltr'><strong>ut</strong></span> <span class='ocrx_word' id='word_1_247' title='bbox 2006 3104 2067 3169; x_wconf 88' lang='lat' dir='ltr'><strong>per</strong></span> <span class='ocrx_word' id='word_1_248' title='bbox 2095 3103 2159 3150; x_wconf 86' lang='lat' dir='ltr'><strong>nos</strong></span> <span class='ocrx_word' id='word_1_249' title='bbox 2181 3082 2291 3148; x_wconf 81' lang='lat' dir='ltr'><strong>luceat</strong></span> <span class='ocrx_word' id='word_1_250' title='bbox 2314 3103 2394 3148; x_wconf 89' lang='lat' dir='ltr'><strong>vera</strong></span> <span class='ocrx_word' id='word_1_251' title='bbox 2415 3080 2485 3147; x_wconf 85' lang='lat' dir='ltr'><strong>Dei</strong></span> 
     </span>
     <span class='ocr_line' id='line_1_22' title="bbox 463 3105 2483 3258; baseline -0.003 -21"><span class='ocrx_word' id='word_1_252' title='bbox 463 3105 667 3248; x_wconf 65' lang='lat' dir='ltr'><strong>ddctrinam,</strong></span> <span class='ocrx_word' id='word_1_253' title='bbox 700 3172 882 3248; x_wconf 87' lang='lat' dir='ltr'><strong>deterreat,</strong></span> <span class='ocrx_word' id='word_1_254' title='bbox 915 3192 981 3258; x_wconf 90' lang='lat' dir='ltr'><strong>quo</strong></span> <span class='ocrx_word' id='word_1_255' title='bbox 1010 3173 1118 3237; x_wconf 90' lang='lat' dir='ltr'><strong>minus</strong></span> <span class='ocrx_word' id='word_1_256' title='bbox 1151 3171 1303 3237; x_wconf 85' lang='lat' dir='ltr'><strong>confiteri</strong></span> <span class='ocrx_word' id='word_1_257' title='bbox 1324 3172 1447 3248; x_wconf 88' lang='lat' dir='ltr'><strong>ausint,</strong></span> <span class='ocrx_word' id='word_1_258' title='bbox 1498 3172 1627 3249; x_wconf 88' lang='lat' dir='ltr'><strong>notitia,</strong></span> <span class='ocrx_word' id='word_1_259' title='bbox 1651 3170 1874 3236; x_wconf 81' lang='lat' dir='ltr'><strong>sicutPaolus</strong></span> <span class='ocrx_word' id='word_1_260' title='bbox 1897 3183 1996 3235; x_wconf 88' lang='lat' dir='ltr'><strong>vocat</strong></span> <span class='ocrx_word' id='word_1_261' title='bbox 2018 3169 2349 3247; x_wconf 69' lang='lat' dir='ltr'><strong>Themalonicenses,</strong></span> <span class='ocrx_word' id='word_1_262' title='bbox 2371 3166 2483 3234; x_wconf 90' lang='lat' dir='ltr'><strong>lucer·</strong></span> 
     </span>
     <span class='ocr_line' id='line_1_23' title="bbox 464 3254 2485 3344; baseline -0.004 -17"><span class='ocrx_word' id='word_1_263' title='bbox 464 3254 588 3343; x_wconf 80' lang='lat' dir='ltr'><strong>collegi</strong></span> <span class='ocrx_word' id='word_1_264' title='bbox 607 3259 802 3334; x_wconf 88' lang='lat' dir='ltr'><strong>sententias,</strong></span> <span class='ocrx_word' id='word_1_265' title='bbox 824 3268 858 3321; x_wconf 89' lang='lat' dir='ltr'><strong>et</strong></span> <span class='ocrx_word' id='word_1_266' title='bbox 879 3258 923 3322; x_wconf 92' lang='lat' dir='ltr'><strong>ad</strong></span> <span class='ocrx_word' id='word_1_267' title='bbox 940 3257 1274 3337; x_wconf 86' lang='lat' dir='ltr'><strong>confirmandoseos,</strong></span> <span class='ocrx_word' id='word_1_268' title='bbox 1296 3260 1351 3344; x_wconf 90' lang='lat' dir='ltr'><strong>qui</strong></span> <span class='ocrx_word' id='word_1_269' title='bbox 1371 3278 1446 3322; x_wconf 88' lang='lat' dir='ltr'><strong>con·</strong></span> <span class='ocrx_word' id='word_1_270' title='bbox 1498 3279 1561 3324; x_wconf 89' lang='lat' dir='ltr'><strong>nas</strong></span> <span class='ocrx_word' id='word_1_271' title='bbox 1587 3258 1710 3323; x_wconf 87' lang='lat' dir='ltr'><strong>mundi.</strong></span> <span class='ocrx_word' id='word_1_272' title='bbox 1731 3330 1735 3336; x_wconf 26' lang='lat'>¹</span> <span class='ocrx_word' id='word_1_273' title='bbox 1756 3257 1798 3322; x_wconf 87' lang='lat' dir='ltr'><strong>Et</strong></span> <span class='ocrx_word' id='word_1_274' title='bbox 1820 3256 1940 3321; x_wconf 87' lang='lat' dir='ltr'><strong>Petrus</strong></span> <span class='ocrx_word' id='word_1_275' title='bbox 1963 3258 2025 3336; x_wconf 87' lang='lat' dir='ltr'><strong>ait,</strong></span> <span class='ocrx_word' id='word_1_276' title='bbox 2058 3278 2122 3322; x_wconf 87' lang='lat' dir='ltr'><strong>nos</strong></span> <span class='ocrx_word' id='word_1_277' title='bbox 2149 3258 2224 3322; x_wconf 90' lang='lat' dir='ltr'><strong>idco</strong></span> <span class='ocrx_word' id='word_1_278' title='bbox 2257 3276 2300 3321; x_wconf 85' lang='lat' dir='ltr'><strong>ex</strong></span> <span class='ocrx_word' id='word_1_279' title='bbox 2333 3256 2485 3320; x_wconf 87' lang='lat' dir='ltr'><strong>tenebris</strong></span> 
     </span>
     <span class='ocr_line' id='line_1_24' title="bbox 462 3339 2485 3430; baseline -0.001 -20"><span class='ocrx_word' id='word_1_280' title='bbox 462 3344 610 3420; x_wconf 84' lang='lat' dir='ltr'><strong>fitentur,</strong></span> <span class='ocrx_word' id='word_1_281' title='bbox 632 3355 664 3408; x_wconf 89' lang='lat' dir='ltr'><strong>et</strong></span> <span class='ocrx_word' id='word_1_282' title='bbox 693 3344 737 3408; x_wconf 94' lang='lat' dir='ltr'><strong>ad</strong></span> <span class='ocrx_word' id='word_1_283' title='bbox 762 3343 963 3409; x_wconf 81' lang='lat' dir='ltr'><strong>erudiendos</strong></span> <span class='ocrx_word' id='word_1_284' title='bbox 985 3356 1019 3408; x_wconf 89' lang='lat' dir='ltr'><strong>et</strong></span> <span class='ocrx_word' id='word_1_285' title='bbox 1041 3344 1236 3410; x_wconf 88' lang='lat' dir='ltr'><strong>excitandos</strong></span> <span class='ocrx_word' id='word_1_286' title='bbox 1259 3347 1445 3430; x_wconf 81' lang='lat' dir='ltr'><strong>segniores,</strong></span> <span class='ocrx_word' id='word_1_287' title='bbox 1499 3356 1640 3411; x_wconf 87' lang='lat' dir='ltr'><strong>vocatos</strong></span> <span class='ocrx_word' id='word_1_288' title='bbox 1664 3364 1752 3424; x_wconf 88' lang='lat' dir='ltr'><strong>esse,</strong></span> <span class='ocrx_word' id='word_1_289' title='bbox 1776 3357 1812 3409; x_wconf 89' lang='lat' dir='ltr'><strong>ut</strong></span> <span class='ocrx_word' id='word_1_290' title='bbox 1827 3344 2059 3410; x_wconf 84' lang='lat' dir='ltr'><strong>annuntiemus</strong></span> <span class='ocrx_word' id='word_1_291' title='bbox 2075 3339 2341 3409; x_wconf 82' lang='lat' dir='ltr'><strong>accelebrenrus</strong></span> <span class='ocrx_word' id='word_1_292' title='bbox 2358 3342 2485 3408; x_wconf 85' lang='lat' dir='ltr'><strong>doctri·</strong></span> 
     </span>
     <span class='ocr_line' id='line_1_25' title="bbox 463 3427 1788 3520; baseline 0.001 -25"><span class='ocrx_word' id='word_1_293' title='bbox 463 3440 500 3495; x_wconf 90' lang='lat' dir='ltr'><strong>ut</strong></span> <span class='ocrx_word' id='word_1_294' title='bbox 522 3430 631 3493; x_wconf 92' lang='lat' dir='ltr'><strong>sciant</strong></span> <span class='ocrx_word' id='word_1_295' title='bbox 652 3427 762 3495; x_wconf 84' lang='lat' dir='ltr'><strong>Deum</strong></span> <span class='ocrx_word' id='word_1_296' title='bbox 795 3431 975 3515; x_wconf 85' lang='lat' dir='ltr'><strong>praecipue</strong></span> <span class='ocrx_word' id='word_1_297' title='bbox 1002 3429 1156 3520; x_wconf 74' lang='lat' dir='ltr'><strong>flagitare</strong></span> <span class='ocrx_word' id='word_1_298' title='bbox 1189 3429 1278 3508; x_wconf 82' lang='lat' dir='ltr'><strong>hunc</strong></span> <span class='ocrx_word' id='word_1_299' title='bbox 1312 3428 1447 3508; x_wconf 78' lang='lat' dir='ltr'><strong>cultum,</strong></span> <span class='ocrx_word' id='word_1_300' title='bbox 1499 3452 1574 3502; x_wconf 85' lang='lat' dir='ltr'><strong>narn</strong></span> <span class='ocrx_word' id='word_1_301' title='bbox 1598 3427 1788 3504; x_wconf 79' lang='lat' dir='ltr'><strong>coelestem</strong></span> 
     </span>
    </p>

    <p class='ocr_par' dir='ltr' id='par_1_8' title="bbox 464 3513 1448 3595">
     <span class='ocr_line' id='line_1_26' title="bbox 464 3513 1448 3595; baseline -0.003 -13"><span class='ocrx_word' id='word_1_302' title='bbox 464 3529 501 3582; x_wconf 89' lang='lat' dir='ltr'><strong>ut</strong></span> <span class='ocrx_word' id='word_1_303' title='bbox 524 3513 750 3595; x_wconf 83' lang='lat' dir='ltr'><strong>conliteamur,</strong></span> <span class='ocrx_word' id='word_1_304' title='bbox 767 3527 803 3580; x_wconf 92' lang='lat' dir='ltr'><strong>ut</strong></span> <span class='ocrx_word' id='word_1_305' title='bbox 816 3513 1029 3582; x_wconf 80' lang='lat' dir='ltr'><strong>conseramus</strong></span> <span class='ocrx_word' id='word_1_306' title='bbox 1048 3514 1235 3595; x_wconf 88' lang='lat' dir='ltr'><strong>consilium,</strong></span> <span class='ocrx_word' id='word_1_307' title='bbox 1258 3517 1448 3583; x_wconf 84' lang='lat' dir='ltr'><strong>etstudium</strong></span> 
     </span>
    </p>

    <p class='ocr_par' dir='ltr' id='par_1_9' title="bbox 384 3598 2493 4898">
     <span class='ocr_line' id='line_1_27' title="bbox 384 3598 2485 3689; baseline -0.001 -22"><span class='ocrx_word' id='word_1_308' title='bbox 384 3651 387 3658; x_wconf 78' lang='lat'><strong>,</strong></span> <span class='ocrx_word' id='word_1_309' title='bbox 464 3603 508 3667; x_wconf 90' lang='lat' dir='ltr'><strong>ad</strong></span> <span class='ocrx_word' id='word_1_310' title='bbox 531 3598 774 3680; x_wconf 87' lang='lat' dir='ltr'><strong>illustrandam,</strong></span> <span class='ocrx_word' id='word_1_311' title='bbox 795 3603 840 3666; x_wconf 92' lang='lat' dir='ltr'><strong>ad</strong></span> <span class='ocrx_word' id='word_1_312' title='bbox 862 3604 1113 3688; x_wconf 82' lang='lat' dir='ltr'><strong>propagandam</strong></span> <span class='ocrx_word' id='word_1_313' title='bbox 1135 3624 1250 3687; x_wconf 89' lang='lat' dir='ltr'><strong>puram</strong></span> <span class='ocrx_word' id='word_1_314' title='bbox 1273 3598 1448 3689; x_wconf 82' lang='lat' dir='ltr'><strong>Evangelii</strong></span> <span class='ocrx_word' id='word_1_315' title='bbox 1586 3601 1683 3668; x_wconf 87' lang='lat' dir='ltr'><strong>Hunc</strong></span> <span class='ocrx_word' id='word_1_316' title='bbox 1704 3601 1803 3668; x_wconf 86' lang='lat' dir='ltr'><strong>linem</strong></span> <span class='ocrx_word' id='word_1_317' title='bbox 1826 3615 1860 3667; x_wconf 95' lang='lat' dir='ltr'><strong>et</strong></span> <span class='ocrx_word' id='word_1_318' title='bbox 1882 3621 2021 3687; x_wconf 83' lang='lat' dir='ltr'><strong>scopam</strong></span> <span class='ocrx_word' id='word_1_319' title='bbox 2039 3602 2181 3666; x_wconf 89' lang='lat' dir='ltr'><strong>omnium</strong></span> <span class='ocrx_word' id='word_1_320' title='bbox 2201 3603 2412 3687; x_wconf 81' lang='lat' dir='ltr'><strong>negotiorum</strong></span> <span class='ocrx_word' id='word_1_321' title='bbox 2435 3611 2485 3664; x_wconf 86' lang='lat' dir='ltr'><strong>at·</strong></span> 
     </span>
     <span class='ocr_line' id='line_1_28' title="bbox 466 3685 2487 3775; baseline -0.003 -21"><span class='ocrx_word' id='word_1_322' title='bbox 466 3689 661 3754; x_wconf 84' lang='lat' dir='ltr'><strong>doctrinam.</strong></span> <span class='ocrx_word' id='word_1_323' title='bbox 708 3687 778 3750; x_wconf 90' lang='lat' dir='ltr'><strong>Nec</strong></span> <span class='ocrx_word' id='word_1_324' title='bbox 808 3690 851 3752; x_wconf 92' lang='lat' dir='ltr'><strong>ab</strong></span> <span class='ocrx_word' id='word_1_325' title='bbox 877 3686 943 3751; x_wconf 89' lang='lat' dir='ltr'><strong>hoc</strong></span> <span class='ocrx_word' id='word_1_326' title='bbox 965 3685 1077 3754; x_wconf 83' lang='lat' dir='ltr'><strong>officio</strong></span> <span class='ocrx_word' id='word_1_327' title='bbox 1101 3690 1260 3754; x_wconf 84' lang='lat' dir='ltr'><strong>deterreri</strong></span> <span class='ocrx_word' id='word_1_328' title='bbox 1283 3693 1348 3756; x_wconf 80' lang='lat' dir='ltr'><strong>nos</strong></span> <span class='ocrx_word' id='word_1_329' title='bbox 1369 3686 1448 3754; x_wconf 88' lang='lat' dir='ltr'><strong>ullis</strong></span> <span class='ocrx_word' id='word_1_330' title='bbox 1500 3709 1565 3775; x_wconf 88' lang='lat' dir='ltr'><strong>que</strong></span> <span class='ocrx_word' id='word_1_331' title='bbox 1587 3689 1753 3754; x_wconf 92' lang='lat' dir='ltr'><strong>actionum</strong></span> <span class='ocrx_word' id='word_1_332' title='bbox 1775 3690 1873 3754; x_wconf 85' lang='lat' dir='ltr'><strong>nobis</strong></span> <span class='ocrx_word' id='word_1_333' title='bbox 1895 3707 2138 3773; x_wconf 83' lang='lat' dir='ltr'><strong>proponamus,</strong></span> <span class='ocrx_word' id='word_1_334' title='bbox 2172 3698 2208 3752; x_wconf 90' lang='lat' dir='ltr'><strong>ut</strong></span> <span class='ocrx_word' id='word_1_335' title='bbox 2239 3687 2273 3751; x_wconf 89' lang='lat' dir='ltr'><strong>in</strong></span> <span class='ocrx_word' id='word_1_336' title='bbox 2303 3686 2391 3749; x_wconf 92' lang='lat' dir='ltr'><strong>omni</strong></span> <span class='ocrx_word' id='word_1_337' title='bbox 2415 3685 2487 3750; x_wconf 88' lang='lat' dir='ltr'><strong>vita</strong></span> 
     </span>
     <span class='ocr_line' id='line_1_29' title="bbox 465 3769 2487 3859; baseline -0.001 -21"><span class='ocrx_word' id='word_1_338' title='bbox 465 3770 622 3859; x_wconf 90' lang='lat' dir='ltr'><strong>periculis</strong></span> <span class='ocrx_word' id='word_1_339' title='bbox 640 3769 787 3856; x_wconf 28' lang='lat' dir='ltr'><strong>,publicis</strong></span> <span class='ocrx_word' id='word_1_340' title='bbox 810 3785 865 3837; x_wconf 92' lang='lat' dir='ltr'><strong>aut</strong></span> <span class='ocrx_word' id='word_1_341' title='bbox 887 3775 1025 3858; x_wconf 87' lang='lat' dir='ltr'><strong>privatis</strong></span> <span class='ocrx_word' id='word_1_342' title='bbox 1052 3776 1209 3839; x_wconf 85' lang='lat' dir='ltr'><strong>sinamus.</strong></span> <span class='ocrx_word' id='word_1_343' title='bbox 1244 3776 1279 3839; x_wconf 87' lang='lat' dir='ltr'><strong>ln</strong></span> <span class='ocrx_word' id='word_1_344' title='bbox 1302 3795 1449 3859; x_wconf 91' lang='lat' dir='ltr'><strong>quocun·</strong></span> <span class='ocrx_word' id='word_1_345' title='bbox 1501 3777 1645 3840; x_wconf 89' lang='lat' dir='ltr'><strong>emineat</strong></span> <span class='ocrx_word' id='word_1_346' title='bbox 1666 3776 1808 3839; x_wconf 82' lang='lat' dir='ltr'><strong>studium</strong></span> <span class='ocrx_word' id='word_1_347' title='bbox 1832 3775 2011 3851; x_wconf 86' lang='lat' dir='ltr'><strong>iuvandae,</strong></span> <span class='ocrx_word' id='word_1_348' title='bbox 2046 3774 2227 3850; x_wconf 83' lang='lat' dir='ltr'><strong>ornandae,</strong></span> <span class='ocrx_word' id='word_1_349' title='bbox 2257 3771 2487 3837; x_wconf 79' lang='lat' dir='ltr'><strong>celebrandae</strong></span> 
     </span>
     <span class='ocr_line' id='line_1_30' title="bbox 467 3855 2486 3947; baseline -0.002 -22"><span class='ocrx_word' id='word_1_350' title='bbox 467 3881 534 3947; x_wconf 79' lang='lat' dir='ltr'><strong>que</strong></span> <span class='ocrx_word' id='word_1_351' title='bbox 557 3862 644 3926; x_wconf 86' lang='lat' dir='ltr'><strong>vitae</strong></span> <span class='ocrx_word' id='word_1_352' title='bbox 668 3879 791 3944; x_wconf 82' lang='lat' dir='ltr'><strong>genera</strong></span> <span class='ocrx_word' id='word_1_353' title='bbox 813 3862 975 3938; x_wconf 81' lang='lat' dir='ltr'><strong>versaris,</strong></span> <span class='ocrx_word' id='word_1_354' title='bbox 993 3855 1102 3940; x_wconf 89' lang='lat' dir='ltr'><strong>effice,</strong></span> <span class='ocrx_word' id='word_1_355' title='bbox 1124 3873 1160 3928; x_wconf 91' lang='lat' dir='ltr'><strong>ut</strong></span> <span class='ocrx_word' id='word_1_356' title='bbox 1182 3858 1295 3926; x_wconf 89' lang='lat' dir='ltr'><strong>luceat</strong></span> <span class='ocrx_word' id='word_1_357' title='bbox 1316 3859 1449 3924; x_wconf 75' lang='lat' dir='ltr'><strong>consca-</strong></span> <span class='ocrx_word' id='word_1_358' title='bbox 1501 3881 1602 3925; x_wconf 88' lang='lat' dir='ltr'><strong>verae</strong></span> <span class='ocrx_word' id='word_1_359' title='bbox 1624 3861 1797 3925; x_wconf 87' lang='lat' dir='ltr'><strong>doctrinae</strong></span> <span class='ocrx_word' id='word_1_360' title='bbox 1819 3873 1852 3924; x_wconf 89' lang='lat' dir='ltr'><strong>et</strong></span> <span class='ocrx_word' id='word_1_361' title='bbox 1876 3880 1976 3924; x_wconf 88' lang='lat' dir='ltr'><strong>verae</strong></span> <span class='ocrx_word' id='word_1_362' title='bbox 1997 3861 2140 3944; x_wconf 84' lang='lat' dir='ltr'><strong>pietatis.</strong></span> <span class='ocrx_word' id='word_1_363' title='bbox 2176 3858 2243 3923; x_wconf 77' lang='lat' dir='ltr'><strong>Pro</strong></span> <span class='ocrx_word' id='word_1_364' title='bbox 2264 3856 2329 3922; x_wconf 87' lang='lat' dir='ltr'><strong>hac</strong></span> <span class='ocrx_word' id='word_1_365' title='bbox 2352 3855 2486 3942; x_wconf 84' lang='lat' dir='ltr'><strong>proies·</strong></span> 
     </span>
     <span class='ocr_line' id='line_1_31' title="bbox 466 3942 2489 4047; baseline -0.002 -33"><span class='ocrx_word' id='word_1_366' title='bbox 466 3948 535 4025; x_wconf 90' lang='lat' dir='ltr'><strong>sio,</strong></span> <span class='ocrx_word' id='word_1_367' title='bbox 557 3958 594 4011; x_wconf 88' lang='lat' dir='ltr'><strong>nt</strong></span> <span class='ocrx_word' id='word_1_368' title='bbox 612 3945 734 4033; x_wconf 88' lang='lat' dir='ltr'><strong>aliquid</strong></span> <span class='ocrx_word' id='word_1_369' title='bbox 759 3942 890 4012; x_wconf 85' lang='lat' dir='ltr'><strong>consilii</strong></span> <span class='ocrx_word' id='word_1_370' title='bbox 913 3958 946 4011; x_wconf 92' lang='lat' dir='ltr'><strong>et</strong></span> <span class='ocrx_word' id='word_1_371' title='bbox 968 3967 1091 4047; x_wconf 87' lang='lat' dir='ltr'><strong>operae</strong></span> <span class='ocrx_word' id='word_1_372' title='bbox 1114 3944 1272 4011; x_wconf 82' lang='lat' dir='ltr'><strong>conseras</strong></span> <span class='ocrx_word' id='word_1_373' title='bbox 1300 3949 1343 4012; x_wconf 91' lang='lat' dir='ltr'><strong>ad</strong></span> <span class='ocrx_word' id='word_1_374' title='bbox 1373 3967 1449 4032; x_wconf 86' lang='lat' dir='ltr'><strong>pro·</strong></span> <span class='ocrx_word' id='word_1_375' title='bbox 1501 3949 1597 4011; x_wconf 86' lang='lat' dir='ltr'><strong>sione</strong></span> <span class='ocrx_word' id='word_1_376' title='bbox 1618 3949 1732 4013; x_wconf 88' lang='lat' dir='ltr'><strong>subire</strong></span> <span class='ocrx_word' id='word_1_377' title='bbox 1753 3960 1787 4012; x_wconf 91' lang='lat' dir='ltr'><strong>et</strong></span> <span class='ocrx_word' id='word_1_378' title='bbox 1804 3943 1955 4031; x_wconf 89' lang='lat' dir='ltr'><strong>pericula</strong></span> <span class='ocrx_word' id='word_1_379' title='bbox 1977 3949 2211 4024; x_wconf 85' lang='lat' dir='ltr'><strong>etcertamina‚</strong></span> <span class='ocrx_word' id='word_1_380' title='bbox 2234 3945 2329 4009; x_wconf 88' lang='lat' dir='ltr'><strong>ctiam</strong></span> <span class='ocrx_word' id='word_1_381' title='bbox 2342 3955 2489 4009; x_wconf 89' lang='lat' dir='ltr'><strong>mortem</strong></span> 
     </span>
     <span class='ocr_line' id='line_1_32' title="bbox 465 4030 2491 4137; baseline -0.003 -37"><span class='ocrx_word' id='word_1_382' title='bbox 465 4033 654 4100; x_wconf 86' lang='lat' dir='ltr'><strong>vehendum</strong></span> <span class='ocrx_word' id='word_1_383' title='bbox 682 4030 913 4117; x_wconf 83' lang='lat' dir='ltr'><strong>Evangelium.</strong></span> <span class='ocrx_word' id='word_1_384' title='bbox 965 4038 998 4100; x_wconf 80' lang='lat' dir='ltr'><strong>St</strong></span> <span class='ocrx_word' id='word_1_385' title='bbox 1027 4035 1117 4137; x_wconf 83' lang='lat' dir='ltr'><strong>geris</strong></span> <span class='ocrx_word' id='word_1_386' title='bbox 1139 4034 1385 4119; x_wconf 86' lang='lat' dir='ltr'><strong>magistratum,</strong></span> <span class='ocrx_word' id='word_1_387' title='bbox 1419 4032 1449 4095; x_wconf 85' lang='lat' dir='ltr'><strong>si</strong></span> <span class='ocrx_word' id='word_1_388' title='bbox 1501 4044 1672 4118; x_wconf 83' lang='lat' dir='ltr'><strong>oppetere,</strong></span> <span class='ocrx_word' id='word_1_389' title='bbox 1695 4053 1856 4098; x_wconf 89' lang='lat' dir='ltr'><strong>summum</strong></span> <span class='ocrx_word' id='word_1_390' title='bbox 1879 4043 1931 4097; x_wconf 89' lang='lat' dir='ltr'><strong>est</strong></span> <span class='ocrx_word' id='word_1_391' title='bbox 1953 4031 2165 4112; x_wconf 76' lang='lat' dir='ltr'><strong>sacrificium,</strong></span> <span class='ocrx_word' id='word_1_392' title='bbox 2187 4042 2219 4097; x_wconf 90' lang='lat' dir='ltr'><strong>et</strong></span> <span class='ocrx_word' id='word_1_393' title='bbox 2236 4030 2310 4095; x_wconf 85' lang='lat' dir='ltr'><strong>lleo</strong></span> <span class='ocrx_word' id='word_1_394' title='bbox 2333 4031 2491 4115; x_wconf 80' lang='lat' dir='ltr'><strong>gratissi-</strong></span> 
     </span>
     <span class='ocr_line' id='line_1_33' title="bbox 466 4115 2491 4206; baseline -0.002 -20"><span class='ocrx_word' id='word_1_395' title='bbox 466 4120 635 4206; x_wconf 81' lang='lat' dir='ltr'><strong>gabemas</strong></span> <span class='ocrx_word' id='word_1_396' title='bbox 657 4115 796 4186; x_wconf 87' lang='lat' dir='ltr'><strong>aliorum</strong></span> <span class='ocrx_word' id='word_1_397' title='bbox 820 4116 979 4198; x_wconf 89' lang='lat' dir='ltr'><strong>consilia,</strong></span> <span class='ocrx_word' id='word_1_398' title='bbox 1010 4139 1040 4182; x_wconf 82' lang='lat' dir='ltr'><strong>ar</strong></span> <span class='ocrx_word' id='word_1_399' title='bbox 1067 4120 1151 4184; x_wconf 88' lang='lat' dir='ltr'><strong>civis</strong></span> <span class='ocrx_word' id='word_1_400' title='bbox 1173 4139 1231 4199; x_wconf 84' lang='lat' dir='ltr'><strong>es,</strong></span> <span class='ocrx_word' id='word_1_401' title='bbox 1263 4120 1449 4185; x_wconf 87' lang='lat' dir='ltr'><strong>memineris</strong></span> <span class='ocrx_word' id='word_1_402' title='bbox 1500 4142 1609 4197; x_wconf 89' lang='lat' dir='ltr'><strong>mum,</strong></span> <span class='ocrx_word' id='word_1_403' title='bbox 1630 4122 1663 4183; x_wconf 93' lang='lat' dir='ltr'><strong>in</strong></span> <span class='ocrx_word' id='word_1_404' title='bbox 1687 4118 1756 4197; x_wconf 89' lang='lat' dir='ltr'><strong>his,</strong></span> <span class='ocrx_word' id='word_1_405' title='bbox 1778 4120 1834 4204; x_wconf 90' lang='lat' dir='ltr'><strong>qui</strong></span> <span class='ocrx_word' id='word_1_406' title='bbox 1858 4119 1997 4184; x_wconf 88' lang='lat' dir='ltr'><strong>credunt</strong></span> <span class='ocrx_word' id='word_1_407' title='bbox 2019 4116 2163 4183; x_wconf 88' lang='lat' dir='ltr'><strong>Christo.</strong></span> <span class='ocrx_word' id='word_1_408' title='bbox 2207 4119 2260 4182; x_wconf 84' lang='lat' dir='ltr'><strong>Ad</strong></span> <span class='ocrx_word' id='word_1_409' title='bbox 2283 4115 2381 4182; x_wconf 87' lang='lat' dir='ltr'><strong>huius</strong></span> <span class='ocrx_word' id='word_1_410' title='bbox 2405 4116 2491 4182; x_wconf 84' lang='lat' dir='ltr'><strong>tanti</strong></span> 
     </span>
     <span class='ocr_line' id='line_1_34' title="bbox 465 4200 2492 4291; baseline -0.001 -21"><span class='ocrx_word' id='word_1_411' title='bbox 465 4217 568 4271; x_wconf 89' lang='lat' dir='ltr'><strong>totam</strong></span> <span class='ocrx_word' id='word_1_412' title='bbox 590 4205 678 4269; x_wconf 93' lang='lat' dir='ltr'><strong>hanc</strong></span> <span class='ocrx_word' id='word_1_413' title='bbox 701 4206 789 4269; x_wconf 90' lang='lat' dir='ltr'><strong>vitae</strong></span> <span class='ocrx_word' id='word_1_414' title='bbox 815 4206 1009 4269; x_wconf 85' lang='lat' dir='ltr'><strong>societatem</strong></span> <span class='ocrx_word' id='word_1_415' title='bbox 1036 4203 1262 4289; x_wconf 89' lang='lat' dir='ltr'><strong>principaliter</strong></span> <span class='ocrx_word' id='word_1_416' title='bbox 1288 4208 1331 4271; x_wconf 92' lang='lat' dir='ltr'><strong>ad</strong></span> <span class='ocrx_word' id='word_1_417' title='bbox 1360 4205 1449 4270; x_wconf 91' lang='lat' dir='ltr'><strong>hunc</strong></span> <span class='ocrx_word' id='word_1_418' title='bbox 1502 4205 1602 4271; x_wconf 85' lang='lat' dir='ltr'><strong>officii</strong></span> <span class='ocrx_word' id='word_1_419' title='bbox 1626 4206 1860 4291; x_wconf 86' lang='lat' dir='ltr'><strong>cogitationem</strong></span> <span class='ocrx_word' id='word_1_420' title='bbox 1881 4220 1919 4270; x_wconf 93' lang='lat' dir='ltr'><strong>ut</strong></span> <span class='ocrx_word' id='word_1_421' title='bbox 1939 4206 2167 4270; x_wconf 86' lang='lat' dir='ltr'><strong>accendantur</strong></span> <span class='ocrx_word' id='word_1_422' title='bbox 2188 4204 2298 4281; x_wconf 90' lang='lat' dir='ltr'><strong>animi,</strong></span> <span class='ocrx_word' id='word_1_423' title='bbox 2319 4200 2492 4268; x_wconf 86' lang='lat' dir='ltr'><strong>collectae</strong></span> 
     </span>
     <span class='ocr_line' id='line_1_35' title="bbox 466 4290 2491 4378; baseline -0.002 -20"><span class='ocrx_word' id='word_1_424' title='bbox 466 4292 567 4358; x_wconf 84' lang='lat' dir='ltr'><strong>finem</strong></span> <span class='ocrx_word' id='word_1_425' title='bbox 590 4293 746 4356; x_wconf 89' lang='lat' dir='ltr'><strong>divinitus</strong></span> <span class='ocrx_word' id='word_1_426' title='bbox 768 4293 947 4356; x_wconf 85' lang='lat' dir='ltr'><strong>institutam</strong></span> <span class='ocrx_word' id='word_1_427' title='bbox 970 4311 1057 4363; x_wconf 88' lang='lat' dir='ltr'><strong>esse,</strong></span> <span class='ocrx_word' id='word_1_428' title='bbox 1079 4304 1115 4357; x_wconf 90' lang='lat' dir='ltr'><strong>at</strong></span> <span class='ocrx_word' id='word_1_429' title='bbox 1132 4290 1227 4358; x_wconf 86' lang='lat' dir='ltr'><strong>Deus</strong></span> <span class='ocrx_word' id='word_1_430' title='bbox 1250 4294 1448 4366; x_wconf 82' lang='lat' dir='ltr'><strong>innotescat,</strong></span> <span class='ocrx_word' id='word_1_431' title='bbox 1502 4303 1580 4357; x_wconf 84' lang='lat' dir='ltr'><strong>sunt</strong></span> <span class='ocrx_word' id='word_1_432' title='bbox 1602 4292 1665 4356; x_wconf 91' lang='lat' dir='ltr'><strong>hae</strong></span> <span class='ocrx_word' id='word_1_433' title='bbox 1686 4296 1892 4370; x_wconf 85' lang='lat' dir='ltr'><strong>Sententiae,</strong></span> <span class='ocrx_word' id='word_1_434' title='bbox 1919 4312 2005 4378; x_wconf 89' lang='lat' dir='ltr'><strong>quae</strong></span> <span class='ocrx_word' id='word_1_435' title='bbox 2037 4313 2104 4356; x_wconf 88' lang='lat' dir='ltr'><strong>non</strong></span> <span class='ocrx_word' id='word_1_436' title='bbox 2126 4292 2169 4354; x_wconf 93' lang='lat' dir='ltr'><strong>ab</strong></span> <span class='ocrx_word' id='word_1_437' title='bbox 2198 4291 2341 4355; x_wconf 89' lang='lat' dir='ltr'><strong>humana</strong></span> <span class='ocrx_word' id='word_1_438' title='bbox 2363 4290 2491 4354; x_wconf 87' lang='lat' dir='ltr'><strong>autori·</strong></span> 
     </span>
     <span class='ocr_line' id='line_1_36' title="bbox 467 4373 2491 4463; baseline -0.002 -18"><span class='ocrx_word' id='word_1_439' title='bbox 467 4388 506 4445; x_wconf 88' lang='lat' dir='ltr'><strong>ut</strong></span> <span class='ocrx_word' id='word_1_440' title='bbox 527 4375 582 4443; x_wconf 91' lang='lat' dir='ltr'><strong>alii</strong></span> <span class='ocrx_word' id='word_1_441' title='bbox 615 4377 701 4445; x_wconf 88' lang='lat' dir='ltr'><strong>alios</strong></span> <span class='ocrx_word' id='word_1_442' title='bbox 724 4379 766 4442; x_wconf 91' lang='lat' dir='ltr'><strong>de</strong></span> <span class='ocrx_word' id='word_1_443' title='bbox 789 4399 870 4443; x_wconf 85' lang='lat' dir='ltr'><strong>vera</strong></span> <span class='ocrx_word' id='word_1_444' title='bbox 903 4378 1066 4463; x_wconf 73' lang='lat' dir='ltr'><strong>religione</strong></span> <span class='ocrx_word' id='word_1_445' title='bbox 1087 4379 1237 4444; x_wconf 90' lang='lat' dir='ltr'><strong>doceant.</strong></span> <span class='ocrx_word' id='word_1_446' title='bbox 1284 4378 1364 4443; x_wconf 87' lang='lat' dir='ltr'><strong>Sine</strong></span> <span class='ocrx_word' id='word_1_447' title='bbox 1385 4376 1451 4443; x_wconf 89' lang='lat' dir='ltr'><strong>hac</strong></span> <span class='ocrx_word' id='word_1_448' title='bbox 1476 4373 1480 4448; x_wconf 81' lang='grc'><strong>’,</strong></span> <span class='ocrx_word' id='word_1_449' title='bbox 1502 4390 1569 4444; x_wconf 92' lang='lat' dir='ltr'><strong>tate</strong></span> <span class='ocrx_word' id='word_1_450' title='bbox 1590 4390 1684 4444; x_wconf 81' lang='lat' dir='ltr'><strong>ortae</strong></span> <span class='ocrx_word' id='word_1_451' title='bbox 1705 4390 1800 4455; x_wconf 83' lang='lat' dir='ltr'><strong>sunt,</strong></span> <span class='ocrx_word' id='word_1_452' title='bbox 1829 4380 1890 4443; x_wconf 82' lang='lat' dir='ltr'><strong>sed</strong></span> <span class='ocrx_word' id='word_1_453' title='bbox 1914 4389 1993 4443; x_wconf 89' lang='lat' dir='ltr'><strong>sunt</strong></span> <span class='ocrx_word' id='word_1_454' title='bbox 2013 4397 2117 4443; x_wconf 82' lang='lat' dir='ltr'><strong>voces</strong></span> <span class='ocrx_word' id='word_1_455' title='bbox 2140 4376 2319 4455; x_wconf 82' lang='lat' dir='ltr'><strong>coelestes,</strong></span> <span class='ocrx_word' id='word_1_456' title='bbox 2342 4396 2491 4462; x_wconf 86' lang='lat' dir='ltr'><strong>quarum</strong></span> 
     </span>
     <span class='ocr_line' id='line_1_37' title="bbox 468 4460 2493 4551; baseline -0.003 -20"><span class='ocrx_word' id='word_1_457' title='bbox 468 4461 685 4531; x_wconf 80' lang='lat' dir='ltr'><strong>confessione</strong></span> <span class='ocrx_word' id='word_1_458' title='bbox 719 4476 854 4531; x_wconf 85' lang='lat' dir='ltr'><strong>caetera</strong></span> <span class='ocrx_word' id='word_1_459' title='bbox 876 4460 988 4530; x_wconf 87' lang='lat' dir='ltr'><strong>officia</strong></span> <span class='ocrx_word' id='word_1_460' title='bbox 1010 4464 1085 4529; x_wconf 90' lang='lat' dir='ltr'><strong>Deo</strong></span> <span class='ocrx_word' id='word_1_461' title='bbox 1112 4486 1179 4529; x_wconf 93' lang='lat' dir='ltr'><strong>non</strong></span> <span class='ocrx_word' id='word_1_462' title='bbox 1203 4461 1366 4550; x_wconf 84' lang='lat' dir='ltr'><strong>placent..</strong></span> <span class='ocrx_word' id='word_1_463' title='bbox 1390 4465 1452 4528; x_wconf 89' lang='lat' dir='ltr'><strong>lta·</strong></span> <span class='ocrx_word' id='word_1_464' title='bbox 1477 4526 1480 4542; x_wconf 80' lang='grc'>,</span> <span class='ocrx_word' id='word_1_465' title='bbox 1503 4476 1728 4549; x_wconf 87' lang='lat' dir='ltr'><strong>contemptum</strong></span> <span class='ocrx_word' id='word_1_466' title='bbox 1739 4462 1833 4528; x_wconf 85' lang='lat' dir='ltr'><strong>Deus</strong></span> <span class='ocrx_word' id='word_1_467' title='bbox 1855 4465 2046 4551; x_wconf 77' lang='lat' dir='ltr'><strong>ingentibus</strong></span> <span class='ocrx_word' id='word_1_468' title='bbox 2068 4465 2187 4549; x_wconf 89' lang='lat' dir='ltr'><strong>poenis</strong></span> <span class='ocrx_word' id='word_1_469' title='bbox 2209 4466 2240 4528; x_wconf 93' lang='lat' dir='ltr'><strong>in</strong></span> <span class='ocrx_word' id='word_1_470' title='bbox 2263 4463 2327 4528; x_wconf 92' lang='lat' dir='ltr'><strong>hac</strong></span> <span class='ocrx_word' id='word_1_471' title='bbox 2350 4462 2432 4545; x_wconf 89' lang='lat' dir='ltr'><strong>vita,</strong></span> <span class='ocrx_word' id='word_1_472' title='bbox 2457 4473 2493 4526; x_wconf 92' lang='lat' dir='ltr'><strong>et</strong></span> 
     </span>
     <span class='ocr_line' id='line_1_38' title="bbox 469 4548 2493 4637; baseline -0.001 -22"><span class='ocrx_word' id='word_1_473' title='bbox 469 4571 534 4637; x_wconf 90' lang='lat' dir='ltr'><strong>que</strong></span> <span class='ocrx_word' id='word_1_474' title='bbox 568 4552 599 4613; x_wconf 94' lang='lat' dir='ltr'><strong>in</strong></span> <span class='ocrx_word' id='word_1_475' title='bbox 622 4549 704 4634; x_wconf 88' lang='lat' dir='ltr'><strong>ipsis</strong></span> <span class='ocrx_word' id='word_1_476' title='bbox 727 4553 900 4635; x_wconf 76' lang='lat' dir='ltr'><strong>precibuS,</strong></span> <span class='ocrx_word' id='word_1_477' title='bbox 933 4572 1018 4636; x_wconf 89' lang='lat' dir='ltr'><strong>quas</strong></span> <span class='ocrx_word' id='word_1_478' title='bbox 1051 4553 1247 4629; x_wconf 80' lang='lat' dir='ltr'><strong>recitamus,</strong></span> <span class='ocrx_word' id='word_1_479' title='bbox 1280 4552 1451 4637; x_wconf 83' lang='lat' dir='ltr'><strong>Scriptura</strong></span> <span class='ocrx_word' id='word_1_480' title='bbox 1477 4549 1480 4598; x_wconf 60' lang='lat' dir='ltr'><strong>l</strong></span> <span class='ocrx_word' id='word_1_481' title='bbox 1502 4562 1578 4637; x_wconf 81' lang='lat' dir='ltr'><strong>post</strong></span> <span class='ocrx_word' id='word_1_482' title='bbox 1601 4550 1688 4618; x_wconf 87' lang='lat' dir='ltr'><strong>hanc</strong></span> <span class='ocrx_word' id='word_1_483' title='bbox 1711 4552 1811 4615; x_wconf 82' lang='lat' dir='ltr'><strong>vitam</strong></span> <span class='ocrx_word' id='word_1_484' title='bbox 1830 4553 1947 4634; x_wconf 86' lang='lat' dir='ltr'><strong>punire</strong></span> <span class='ocrx_word' id='word_1_485' title='bbox 1969 4548 2074 4616; x_wconf 60' lang='lat' dir='ltr'><strong>soleti.</strong></span> <span class='ocrx_word' id='word_1_486' title='bbox 2106 4549 2151 4614; x_wconf 90' lang='lat' dir='ltr'><strong>Ut</strong></span> <span class='ocrx_word' id='word_1_487' title='bbox 2171 4551 2272 4637; x_wconf 86' lang='lat' dir='ltr'><strong>igitur</strong></span> <span class='ocrx_word' id='word_1_488' title='bbox 2293 4549 2325 4614; x_wconf 89' lang='lat' dir='ltr'><strong>in</strong></span> <span class='ocrx_word' id='word_1_489' title='bbox 2350 4549 2493 4613; x_wconf 80' lang='lat' dir='ltr'><strong>invoca·</strong></span> 
     </span>
     <span class='ocr_line' id='line_1_39' title="bbox 468 4635 2491 4736; baseline -0.001 -35"><span class='ocrx_word' id='word_1_490' title='bbox 468 4656 533 4702; x_wconf 92' lang='lat' dir='ltr'><strong>nos</strong></span> <span class='ocrx_word' id='word_1_491' title='bbox 555 4637 728 4715; x_wconf 86' lang='lat' dir='ltr'><strong>admonet,</strong></span> <span class='ocrx_word' id='word_1_492' title='bbox 760 4639 1007 4703; x_wconf 88' lang='lat' dir='ltr'><strong>invocationem</strong></span> <span class='ocrx_word' id='word_1_493' title='bbox 1028 4638 1104 4704; x_wconf 87' lang='lat' dir='ltr'><strong>siue</strong></span> <span class='ocrx_word' id='word_1_494' title='bbox 1132 4636 1198 4703; x_wconf 92' lang='lat' dir='ltr'><strong>hoc</strong></span> <span class='ocrx_word' id='word_1_495' title='bbox 1221 4638 1313 4704; x_wconf 95' lang='lat' dir='ltr'><strong>cultu</strong></span> <span class='ocrx_word' id='word_1_496' title='bbox 1336 4651 1451 4703; x_wconf 88' lang='lat' dir='ltr'><strong>contu·</strong></span> <span class='ocrx_word' id='word_1_497' title='bbox 1476 4673 1479 4736; x_wconf 36' lang='grc' dir='ltr'>ἰ</span> <span class='ocrx_word' id='word_1_498' title='bbox 1502 4640 1592 4704; x_wconf 87' lang='lat' dir='ltr'><strong>tione</strong></span> <span class='ocrx_word' id='word_1_499' title='bbox 1614 4658 1680 4701; x_wconf 94' lang='lat' dir='ltr'><strong>non</strong></span> <span class='ocrx_word' id='word_1_500' title='bbox 1704 4635 1862 4702; x_wconf 88' lang='lat' dir='ltr'><strong>reclamet</strong></span> <span class='ocrx_word' id='word_1_501' title='bbox 1884 4639 1942 4702; x_wconf 89' lang='lat' dir='ltr'><strong>tibi</strong></span> <span class='ocrx_word' id='word_1_502' title='bbox 1966 4638 2183 4714; x_wconf 88' lang='lat' dir='ltr'><strong>couscientia,</strong></span> <span class='ocrx_word' id='word_1_503' title='bbox 2205 4649 2243 4702; x_wconf 89' lang='lat' dir='ltr'><strong>nt</strong></span> <span class='ocrx_word' id='word_1_504' title='bbox 2263 4655 2384 4721; x_wconf 90' lang='lat' dir='ltr'><strong>preces</strong></span> <span class='ocrx_word' id='word_1_505' title='bbox 2409 4646 2491 4699; x_wconf 86' lang='lat' dir='ltr'><strong>tuas</strong></span> 
     </span>
     <span class='ocr_line' id='line_1_40' title="bbox 467 4720 2493 4810; baseline -0.001 -22"><span class='ocrx_word' id='word_1_506' title='bbox 467 4721 641 4788; x_wconf 88' lang='lat' dir='ltr'><strong>meliosam</strong></span> <span class='ocrx_word' id='word_1_507' title='bbox 675 4743 772 4801; x_wconf 88' lang='lat' dir='ltr'><strong>esse,</strong></span> <span class='ocrx_word' id='word_1_508' title='bbox 806 4724 969 4788; x_wconf 80' lang='lat' dir='ltr'><strong>adversus</strong></span> <span class='ocrx_word' id='word_1_509' title='bbox 1002 4724 1122 4789; x_wconf 89' lang='lat' dir='ltr'><strong>Deum.</strong></span> <span class='ocrx_word' id='word_1_510' title='bbox 1167 4725 1242 4798; x_wconf 87' lang='lat' dir='ltr'><strong>Quo</strong></span> <span class='ocrx_word' id='word_1_511' title='bbox 1277 4745 1350 4795; x_wconf 89' lang='lat' dir='ltr'><strong>ore,</strong></span> <span class='ocrx_word' id='word_1_512' title='bbox 1385 4745 1451 4810; x_wconf 88' lang='lat' dir='ltr'><strong>qua</strong></span> <span class='ocrx_word' id='word_1_513' title='bbox 1476 4753 1480 4780; x_wconf 86' lang='grc' dir='ltr'>ι</span> <span class='ocrx_word' id='word_1_514' title='bbox 1502 4725 1658 4789; x_wconf 83' lang='lat' dir='ltr'><strong>exaudiat</strong></span> <span class='ocrx_word' id='word_1_515' title='bbox 1678 4721 1791 4801; x_wconf 89' lang='lat' dir='ltr'><strong>Deus,</strong></span> <span class='ocrx_word' id='word_1_516' title='bbox 1823 4722 1912 4788; x_wconf 89' lang='lat' dir='ltr'><strong>hunc</strong></span> <span class='ocrx_word' id='word_1_517' title='bbox 1936 4720 2059 4788; x_wconf 88' lang='lat' dir='ltr'><strong>cultam</strong></span> <span class='ocrx_word' id='word_1_518' title='bbox 2081 4725 2122 4788; x_wconf 90' lang='lat' dir='ltr'><strong>de</strong></span> <span class='ocrx_word' id='word_1_519' title='bbox 2143 4722 2330 4790; x_wconf 88' lang='lat' dir='ltr'><strong>adiuvanda</strong></span> <span class='ocrx_word' id='word_1_520' title='bbox 2351 4734 2385 4787; x_wconf 87' lang='lat' dir='ltr'><strong>et</strong></span> <span class='ocrx_word' id='word_1_521' title='bbox 2408 4741 2493 4807; x_wconf 87' lang='lat' dir='ltr'><strong>pro·</strong></span> 
     </span>
     <span class='ocr_line' id='line_1_41' title="bbox 469 4793 2328 4898; baseline 0 -23"><span class='ocrx_word' id='word_1_522' title='bbox 469 4811 675 4875; x_wconf 89' lang='lat' dir='ltr'><strong>couscientia</strong></span> <span class='ocrx_word' id='word_1_523' title='bbox 694 4822 793 4893; x_wconf 84' lang='lat' dir='ltr'><strong>potes</strong></span> <span class='ocrx_word' id='word_1_524' title='bbox 810 4811 935 4877; x_wconf 79' lang='lat' dir='ltr'><strong>dicere:</strong></span> <span class='ocrx_word' id='word_1_525' title='bbox 958 4808 1192 4876; x_wconf 87' lang='lat' dir='ltr'><strong>Sanctificetur</strong></span> <span class='ocrx_word' id='word_1_526' title='bbox 1208 4830 1330 4876; x_wconf 88' lang='lat' dir='ltr'><strong>nomeu</strong></span> <span class='ocrx_word' id='word_1_527' title='bbox 1347 4822 1452 4890; x_wconf 89' lang='lat' dir='ltr'><strong>tuum,</strong></span> <span class='ocrx_word' id='word_1_528' title='bbox 1476 4793 1480 4880; x_wconf 83' lang='lat' dir='ltr'><strong>l</strong></span> <span class='ocrx_word' id='word_1_529' title='bbox 1502 4811 1666 4876; x_wconf 87' lang='lat' dir='ltr'><strong>movenda</strong></span> <span class='ocrx_word' id='word_1_530' title='bbox 1687 4807 1862 4898; x_wconf 75' lang='lat' dir='ltr'><strong>Evangelii</strong></span> <span class='ocrx_word' id='word_1_531' title='bbox 1883 4810 2125 4898; x_wconf 84' lang='lat' dir='ltr'><strong>propagatione</strong></span> <span class='ocrx_word' id='word_1_532' title='bbox 2146 4819 2328 4895; x_wconf 84' lang='lat' dir='ltr'><strong>praestato.</strong></span> 
     </span>
    </p>
   </div>
   <div class='ocr_carea' id='block_1_8' title="bbox 831 5048 2104 5194">
    <p class='ocr_par' dir='ltr' id='par_1_10' title="bbox 831 5048 2104 5194">
     <span class='ocr_line' id='line_1_42' title="bbox 831 5048 2104 5194; baseline -0.001 -2"><span class='ocrx_word' id='word_1_533' title='bbox 831 5106 1186 5192; x_wconf 72' lang='lat' dir='ltr'><strong>semanima</strong></span> <span class='ocrx_word' id='word_1_534' title='bbox 1217 5109 1293 5193; x_wconf 81' lang='lat' dir='ltr'><strong>ne</strong></span> <span class='ocrx_word' id='word_1_535' title='bbox 1324 5105 1726 5193; x_wconf 78' lang='lat' dir='ltr'><strong>raouovnnno</strong></span> <span class='ocrx_word' id='word_1_536' title='bbox 1758 5048 2104 5194; x_wconf 76' lang='lat' dir='ltr'><strong>avanoamo.</strong></span> 
     </span>
    </p>
   </div>
   <div class='ocr_carea' id='block_1_9' title="bbox 465 5330 2494 5691">
    <p class='ocr_par' dir='ltr' id='par_1_11' title="bbox 465 5330 2494 5691">
     <span class='ocr_line' id='line_1_43' title="bbox 841 5330 2494 5449; baseline 0.006 -25"><span class='ocrx_word' id='word_1_537' title='bbox 841 5359 973 5426; x_wconf 84' lang='lat' dir='ltr'><strong>Exodi</strong></span> <span class='ocrx_word' id='word_1_538' title='bbox 994 5359 1071 5425; x_wconf 83' lang='lat' dir='ltr'><strong>XX.</strong></span> <span class='ocrx_word' id='word_1_539' title='bbox 1322 5330 1327 5339; x_wconf 31' lang='grc' dir='ltr'>Ι</span> <span class='ocrx_word' id='word_1_540' title='bbox 1474 5387 1477 5442; x_wconf 61' lang='lat'><em>3</em></span> <span class='ocrx_word' id='word_1_541' title='bbox 1588 5362 1665 5426; x_wconf 91' lang='lat' dir='ltr'><strong>Non</strong></span> <span class='ocrx_word' id='word_1_542' title='bbox 1687 5382 1841 5428; x_wconf 82' lang='lat' dir='ltr'><strong>assumes</strong></span> <span class='ocrx_word' id='word_1_543' title='bbox 1862 5382 1983 5428; x_wconf 90' lang='lat' dir='ltr'><strong>nomen</strong></span> <span class='ocrx_word' id='word_1_544' title='bbox 1995 5362 2130 5428; x_wconf 87' lang='lat' dir='ltr'><strong>Domini</strong></span> <span class='ocrx_word' id='word_1_545' title='bbox 2139 5359 2205 5427; x_wconf 91' lang='lat' dir='ltr'><strong>Del</strong></span> <span class='ocrx_word' id='word_1_546' title='bbox 2226 5365 2275 5431; x_wconf 89' lang='lat' dir='ltr'><strong>tui</strong></span> <span class='ocrx_word' id='word_1_547' title='bbox 2295 5364 2329 5430; x_wconf 87' lang='lat' dir='ltr'><strong>in</strong></span> <span class='ocrx_word' id='word_1_548' title='bbox 2351 5386 2494 5449; x_wconf 83' lang='lat' dir='ltr'><strong>vanum,</strong></span> 
     </span>
     <span class='ocr_line' id='line_1_44' title="bbox 1473 5445 2494 5538; baseline 0.009 -26"><span class='ocrx_word' id='word_1_549' title='bbox 1473 5445 1477 5500; x_wconf 85' lang='grc' dir='ltr'>Ι</span> <span class='ocrx_word' id='word_1_550' title='bbox 1502 5467 1568 5513; x_wconf 90' lang='lat' dir='ltr'><strong>nec</strong></span> <span class='ocrx_word' id='word_1_551' title='bbox 1590 5447 1676 5513; x_wconf 87' lang='lat' dir='ltr'><strong>enim</strong></span> <span class='ocrx_word' id='word_1_552' title='bbox 1696 5447 1834 5515; x_wconf 87' lang='lat' dir='ltr'><strong>habebit</strong></span> <span class='ocrx_word' id='word_1_553' title='bbox 1865 5451 2029 5515; x_wconf 89' lang='lat' dir='ltr'><strong>insontem</strong></span> <span class='ocrx_word' id='word_1_554' title='bbox 2051 5447 2234 5528; x_wconf 79' lang='lat' dir='ltr'><strong>Dominus,</strong></span> <span class='ocrx_word' id='word_1_555' title='bbox 2265 5451 2322 5538; x_wconf 82' lang='lat' dir='ltr'><strong>qui</strong></span> <span class='ocrx_word' id='word_1_556' title='bbox 2353 5472 2494 5521; x_wconf 83' lang='lat' dir='ltr'><strong>assum·</strong></span> 
     </span>
     <span class='ocr_line' id='line_1_45' title="bbox 465 5530 2220 5691; baseline 0.003 -93"><span class='ocrx_word' id='word_1_557' title='bbox 465 5530 584 5691; x_wconf 55' lang='lat' dir='ltr'><strong>ME</strong></span> <span class='ocrx_word' id='word_1_558' title='bbox 608 5531 929 5688; x_wconf 47' lang='grc' dir='ltr'>ςθῃεέδιιιοὲιὲιιιιιίηὲἰ</span> <span class='ocrx_word' id='word_1_559' title='bbox 937 5530 1033 5600; x_wconf 82' lang='lat' dir='ltr'><strong>Deua</strong></span> <span class='ocrx_word' id='word_1_560' title='bbox 1067 5544 1156 5599; x_wconf 83' lang='lat' dir='ltr'><strong>tuus.</strong></span> <span class='ocrx_word' id='word_1_561' title='bbox 1199 5533 1277 5599; x_wconf 86' lang='lat' dir='ltr'><strong>Non</strong></span> <span class='ocrx_word' id='word_1_562' title='bbox 1309 5534 1451 5602; x_wconf 84' lang='lat' dir='ltr'><strong>habebis</strong></span> <span class='ocrx_word' id='word_1_563' title='bbox 1503 5536 1608 5623; x_wconf 85' lang='lat' dir='ltr'><strong>pserit</strong></span> <span class='ocrx_word' id='word_1_564' title='bbox 1624 5555 1744 5602; x_wconf 91' lang='lat' dir='ltr'><strong>nomen</strong></span> <span class='ocrx_word' id='word_1_565' title='bbox 1766 5534 1904 5605; x_wconf 88' lang='lat' dir='ltr'><strong>Domini</strong></span> <span class='ocrx_word' id='word_1_566' title='bbox 1924 5532 1990 5602; x_wconf 89' lang='lat' dir='ltr'><strong>Dei</strong></span> <span class='ocrx_word' id='word_1_567' title='bbox 2012 5536 2065 5600; x_wconf 83' lang='lat' dir='ltr'><strong>sni</strong></span> <span class='ocrx_word' id='word_1_568' title='bbox 2085 5532 2220 5604; x_wconf 61' lang='lat' dir='ltr'><strong>frasu&amp;</strong></span> 
     </span>
    </p>
   </div>
   <div class='ocr_carea' id='block_1_10' title="bbox 0 0 2964 6708">
    <p class='ocr_par' dir='ltr' id='par_1_12' title="bbox 0 0 2964 6708">
     <span class='ocr_line' id='line_1_46' title="bbox 0 0 2964 6708; baseline 0 0"><span class='ocrx_word' id='word_1_569' title='bbox 0 0 2964 6708; x_wconf 95' lang='lat' dir='ltr'><strong> </strong></span> 
     </span>
    </p>
   </div>
  </div>
 </body>
</html>
