5892 6709
471 617 535 686 lidi
1105 615 1219 685 Pillh.
1230 616 1333 687 hllih.
1355 614 1545 686 scatere
1565 613 1846 686 coenatica
2425 617 2493 686 582

470 809 626 877 homines
649 809 790 897 mnam,
814 808 902 875 ειιι
915 819 1035 874 natura
1051 826 1161 874 rerum
1179 803 1456 892 pressantur,
1508 806 1657 872 sarnus
1678 819 1770 872 aas
1792 825 1882 886 ase,
1910 806 1983 892 ipsc
2004 808 2039 872 u
2059 819 2178 874 nsum
2198 775 2341 872 homtnts
2362 807 2493 874 snum

473 893 603 976 ileliae,
637 893 763 961 Elisaei
790 907 823 960 et
850 896 993 961 omnium
1021 895 1163 980 piorum,
1195 894 1282 960 sicut
1303 891 1456 958 Christus
1509 892 1685 971 vindicem,
1707 888 1856 960 dolorem
1878 893 2115 970 conscientiae,
2140 893 2365 959 destruentem
2393 907 2492 961 uatu-

473 983 598 1088 inquit:
619 980 803 1087 lilatth32l.
837 980 957 1086 (lmuia
980 978 1247 1091 ‘tutffitesslfflffiff
1269 980 1457 1084 credentes,
1508 999 1592 1085 ram,
1624 999 1699 1044 curn
1731 979 1797 1044 ruit
1829 991 1946 1045 contra
1978 976 2148 1044 naturales
2180 981 2328 1059 notitias,
2361 980 2493 1046 etiarnsi

472 1081 660 1154 accipiens.
704 1070 740 1131 Si
763 1068 879 1132 ducetis
902 1078 1005 1132 ιιιοιιιι
1025 1065 1115 1143 hmc,
1136 1078 1222 1130 tacta
1244 1078 1278 1131 tc
1298 1087 1333 1131 ιιι
1354 1086 1457 1144 mare,
1510 1060 1627 1131 crvdes
1648 1083 1775 1150 poenm
1797 1063 1940 1152 effugiat.
1986 1064 2053 1129 lam
2075 1066 2200 1151 cogita,
2223 1079 2367 1151 quantus
2391 1063 2493 1133 luerit

472 1153 542 1221 het.
589 1153 682 1234 ltem,
714 1152 805 1218 lacta
835 1172 934 1218 curas
955 1164 1031 1218 tuas
1053 1154 1086 1217 iu
1108 1151 1229 1231 Deum,
1260 1164 1293 1217 et
1318 1151 1393 1237 ipse
1424 1164 1457 1216 te
1509 1171 1604 1216 amor
1625 1151 1659 1216 in
1681 1149 1757 1216 Deo
1779 1173 1862 1239 erga
1885 1150 2049 1229 homines,
2082 1154 2170 1236 quod
2201 1171 2284 1217 suae
2306 1173 2345 1218 sa
2368 1153 2491 1220 ientlae

473 1240 627 1307 enutriet.
682 1238 790 1303 Adest
822 1237 917 1303 Deus
950 1257 1032 1304 suae
1065 1249 1261 1315 creaturae,
1295 1238 1457 1304 sednon
1510 1249 1544 1303 et
1564 1236 1707 1303 iustitiae
1728 1239 1841 1305 radios
1861 1239 1896 1304 in
1917 1238 2086 1305 creatione
2106 1240 2140 1304 iu
2162 1248 2336 1306 castrans
2372 1240 2431 1308 dit

472 1326 569 1476 adetst
591 1339 628 1476 utu:
650 1323 785 1391 Stoicus
806 1322 914 1474 Deug,
946 1324 1009 1389 sed
1036 1335 1073 1474 ιιι
1105 1343 1212 1429 agens
1244 1319 1458 1475 liberrimmubrg,

472 1432 533 1478 sus
548 1431 591 1477 en
629 1432 670 1475 us
693 1430 787 1476 suam
811 1429 889 1475 crea
903 1430 1009 1489 uram,
1038 1429 1057 1473 e
1092 1429 1157 1476 sua
1177 1430 1338 1476 immensa

472 1496 619 1563 ricordia
641 1497 831 1576 moderans,
854 1497 939 1561 dans
955 1496 1057 1575 hona,
1078 1493 1123 1560 ali
1147 1497 1257 1562 nando
1276 1495 1457 1581 impediens

393 1618 399 1636 „
471 1602 595 1649 aaa
629 1577 819 1663 seam,
862 1580 1044 1669 ,uma
1078 1516 1236 1660 misas
1269 1577 1458 1648 ,naam
1525 1568 1601 1654 uu
1631 1533 1824 1657 ‘onum
1855 1567 2099 1656 succum
2128 1569 2200 1653 ur
2230 1570 2306 1654 us
2336 1568 2480 1657 cou-

444 1671 652 1757 '¹¹²⁸⁰¹'⁰¹¹⁸·
1086 1701 1089 1706 ’
1838 1723 2161 1811 rmcanrm
2426 1705 2436 1720 ‘

558 1841 611 1906 Ac
648 1839 791 1905 maxilua
821 1835 952 1906 illustre
979 1838 1201 1904 testimonium
1231 1849 1285 1903 est
1306 1837 1348 1904 de
1368 1836 1457 1917 Deo,

472 1926 563 2013 quod
586 1928 631 1992 sit
653 1945 761 2012 agens
789 1922 1009 2003 liberrimum,
1043 1936 1077 1990 et
1107 1921 1211 1991 multa
1242 1927 1316 1989 sina
1343 1925 1456 1989 causis
1595 1921 1679 1992 Cum
1701 1935 1811 1991 autem
1832 1922 2075 2011 pulcherrimus
2097 1924 2180 1992 ordo
2209 1925 2253 1990 sit
2279 1925 2313 1992 in
2342 1928 2494 2013 corpori·

470 2012 631 2079 secundis
676 2023 773 2098 agat,
817 2012 907 2099 quod
943 2021 1022 2096 post
1053 2007 1184 2097 lapsum
1216 2007 1312 2076 Adae
1343 2020 1458 2075 servat
1508 2009 1573 2076 bus
1595 2012 1708 2077 mmrdi
1729 2025 1763 2076 ει
1784 2012 1818 2076 in
1840 2009 1951 2077 multis
1969 2014 2071 2078 rebus
2100 2023 2255 2092 naturae,
2284 2024 2317 2077 et
2338 2010 2494 2079 homines

470 2096 581 2164 Adam
604 2099 775 2164 desertum
797 2098 840 2162 ab
863 2098 1020 2163 omuibus
1046 2097 1221 2176 creaturis,
1254 2105 1289 2163 ει
1321 2096 1363 2162 de
1395 2116 1457 2161 sua
1509 2097 1631 2163 conditi
1663 2100 1730 2164 sint
1761 2099 1805 2164 ad
1836 2094 1926 2164 huno
1958 2099 2126 2177 ordinem,
2164 2110 2201 2164 ιιι
2232 2118 2348 2165 verum
2381 2096 2493 2166 Deum

449 2183 565 2271 tege
595 2184 779 2269 dispensat.
830 2180 937 2250 Multo
970 2182 1048 2269 plus
1080 2195 1135 2249 est
1162 2194 1273 2250 autem
1302 2180 1458 2269 delego
1507 2195 1706 2271 agnoscant,
1734 2195 1865 2251 etcum
1888 2204 1929 2249 eo
1951 2194 2344 2270 congruantmentcset
2368 2186 2493 2251 cordat

471 2270 686 2356 dispensare,
709 2290 807 2356 quarn
832 2269 874 2334 de
896 2270 1012 2335 ordine
1032 2280 1183 2336 naturae.
1508 2270 1663 2358 quidnam
1696 2270 1841 2336 turbavit
1868 2268 1958 2335 huno
1986 2270 2134 2336 ordinem
2163 2283 2198 2337 ει
2223 2270 2313 2336 hanc
2336 2268 2493 2337 dultissi·

1507 2377 1595 2422 mam
1617 2354 1833 2434 harmoniam,
1861 2375 1905 2422 na
1927 2358 2030 2422 corda
2052 2377 2127 2423 cum
2148 2354 2223 2423 Deo
2247 2369 2493 2443 congruerent,

560 2440 701 2528 Sintia
735 2451 918 2526 conspectu
947 2440 1135 2507 testimonia
1158 2450 1191 2506 et
1213 2441 1256 2506 de
1278 2437 1457 2507 creatione
1507 2453 1543 2510 et
1562 2444 1651 2507 uude
1671 2454 1751 2509 sunt
1771 2454 1822 2508 tot
1843 2440 2032 2508 horrendae
2053 2442 2221 2509 hominum
2244 2443 2492 2523 dissensiones,

473 2528 598 2594 Genes.
623 2529 653 2593 1.
677 2538 712 2594 et
733 2523 825 2605 alibi,
847 2538 882 2592 ει
905 2526 947 2592 de
967 2527 1105 2593 assidua
1126 2526 1314 2613 praesentia
1337 2523 1402 2591 Dei
1423 2527 1457 2592 in
1508 2540 1647 2595 naturae
1668 2526 1820 2594 lanienae
1848 2541 1881 2595 et
1902 2529 2051 2596 inlicitae
2074 2526 2290 2595 calandtates.
2334 2527 2493 2596 Philoso·

472 2616 733 2681 conservatione
766 2624 918 2690 naturae,
952 2612 1054 2678 Deut.
1083 2611 1137 2679 3⁰.
1195 2612 1209 2676 1
1305 2621 1359 2680 est
1389 2612 1458 2679 vita
1507 2615 1564 2700 phi
1587 2624 1748 2701 quaermu
1770 2634 1894 2680 causas
1918 2615 1949 2679 iu
1971 2616 2119 2679 materia.
2164 2612 2355 2681 Manichaei
2382 2614 2489 2682 linxe-

472 2712 550 2780 tua,
584 2711 620 2765 et
652 2698 828 2786 longitudo
862 2697 988 2764 dierum
1021 2710 1162 2766 tuorum.
1239 2710 1284 2766 ct.
1313 2699 1365 2763 17.
1420 2697 1457 2762 ln
1508 2711 1585 2766 runt
1607 2702 1691 2765 duos
1713 2698 1820 2779 Deos,
1841 2713 1879 2767 ut
1900 2720 2038 2767 causam
2059 2698 2139 2765 mali
2160 2702 2392 2766 ostenderent:
2422 2703 2495 2768 Sed

471 2787 547 2872 ipso
571 2785 726 2865 vivimus,
748 2804 921 2851 movemur
936 2794 969 2848 et
986 2803 1113 2862 sumus,
1134 2783 1168 2849 id
1181 2795 1245 2863 est,
1266 2805 1328 2870 per
1349 2785 1458 2869 ipsum
1508 2806 1573 2850 uos
1595 2786 1783 2851 firmissime
1804 2797 1988 2865 teneamus,
2009 2788 2144 2852 unicum
2166 2805 2244 2851 esse
2266 2783 2374 2852 Deum
2397 2808 2495 2854 crea·

472 2873 572 2940 datur
594 2883 628 2936 et
651 2867 785 2937 levetur
806 2872 874 2935 vita
897 2882 1025 2942 nostra,
1058 2882 1092 2935 et
1122 2881 1262 2937 naturae
1294 2872 1385 2935 vires
1416 2890 1458 2935 ac
1508 2883 1626 2952 torem,
1658 2873 1854 2955 sapientem,
1887 2892 2056 2951 veracem,
2089 2873 2231 2950 bonum,
2265 2873 2402 2952 iustum,
2434 2894 2494 2938 ca·

471 2971 595 3024 motus.
643 2957 673 3022 1.
696 2955 810 3022 Paral.
831 2956 882 3022 ts.
928 2954 1045 3021 Omnia
1068 2957 1171 3021 corda
1200 2968 1366 3023 scrutatur
1387 2954 1458 3022 Do·
1508 2971 1608 3036 stum,
1630 2979 1697 3023 non
1720 2955 1897 3037 volentem,
1919 2977 1984 3024 nec
2006 2953 2222 3037 efficientem,
2244 2979 2308 3022 nec
2330 2960 2494 3025 adiuvan-

471 3045 593 3125 minus,
617 3054 651 3108 et
674 3063 791 3108 ornnes
804 3041 947 3108 omnium
965 3042 1101 3129 cogitat'
1124 3064 1186 3108 nes
1196 3044 1299 3107 videt.
1321 3040 1391 3108 lob.
1405 3042 1457 3106 ll,
1508 3057 1586 3123 tem,
1617 3064 1682 3110 uec
1713 3046 1957 3130 approbantem
1988 3056 2141 3129 peccata,
2176 3057 2211 3110 et
2243 3046 2310 3110 sint
2341 3045 2377 3110 iu
2411 3066 2494 3111 con·

470 3126 602 3197 Breues
625 3130 700 3196 dies
723 3127 867 3194 hominis
894 3141 983 3211 suut,
1016 3150 1093 3194 uum
1202 3131 1363 3196 mensium
1385 3129 1458 3195 eius
1508 3141 1630 3217 spectu
1651 3130 1851 3210 testimonia,
1872 3129 1993 3196 Esaiae
2013 3129 2068 3196 45.
2110 3128 2250 3196 Praeter
2270 3151 2324 3196 me
2345 3151 2414 3196 non
2436 3143 2496 3197 est

423 3261 425 3266 -
470 3216 561 3302 apud
583 3228 615 3281 te
637 3227 704 3295 est,
737 3215 940 3282 constituisti
962 3214 1120 3280 temiinos
1142 3216 1228 3296 eius,
1251 3217 1307 3301 qui
1327 3227 1458 3302 praete·
1507 3217 1602 3283 Deus
1629 3214 1717 3284 alius
1744 3213 1893 3282 fornoum
1913 3215 2022 3282 luceru
2054 3227 2088 3281 et
2119 3237 2240 3283 creans
2264 3220 2434 3295 tenebras,
2457 3219 2493 3284 id

470 3303 529 3368 riri
552 3323 621 3367 uon
643 3314 798 3387 possunt.
1508 3316 1573 3383 est,
1596 3323 1740 3389 corpora
1760 3304 1918 3381 obscura,
1940 3305 1974 3369 iu
1995 3303 2116 3389 quibus
2132 3323 2201 3369 non
2223 3319 2277 3368 εει
2296 3300 2364 3370 lux.
2409 3306 2494 3370 item

1507 3384 1632 3456 l‘salm.
1664 3389 1696 3454 ὅ.
1747 3388 1823 3455 Νοιι
1856 3388 1952 3456 Βειιε
1984 3389 2186 3475 iniquitatem
2220 3387 2338 3455 volens
2371 3404 2408 3456 ιιι
2440 3410 2491 3458 es.

559 3470 767 3540 Confirmata
788 3472 855 3539 fide
877 3472 1074 3539 testimoniis
1119 3494 1182 3539 uae
1201 3470 1299 3540 Deus
1322 3472 1456 3539 tradidit
1508 3475 1593 3542 Gen.
1617 3476 1647 3541 l.
1691 3473 1783 3541 Vidit
1799 3474 1894 3542 Deus
1913 3476 2034 3551 omnia,
2079 3496 2145 3541 uae
2166 3472 2307 3555 fecerat,
2336 3487 2493 3543 sterant

470 3560 504 3626 in
528 3560 663 3647 scriptis
687 3558 896 3643 propheticis
918 3570 952 3623 ot
973 3494 1193 3644 Apostolicis,
1225 3559 1345 3624 deinde
1376 3556 1457 3625 utile
1507 3561 1607 3630 valde
1623 3563 1725 3641 bona,
1745 3564 1779 3627 id
1801 3575 1864 3641 est,
1886 3496 2142 3646 placentialpsi,
2166 3573 2200 3628 ct
2216 3576 2308 3628 recte
2325 3562 2492 3644 ordinata,

470 3660 525 3712 est
547 3647 701 3733 aspicere
725 3666 834 3709 rerum
856 3654 1021 3723 naturam,
1042 3655 1076 3708 ει
1096 3644 1143 3709 ibi
1166 3647 1381 3711 considerare
1401 3664 1458 3710 vs·
1509 3669 1573 3715 con
1639 3650 1727 3712 ειιιίε
1747 3648 1791 3714 ad
1813 3648 1962 3724 ordinem
1989 3649 2022 3713 in
2050 3660 2159 3714 mente
2187 3648 2299 3714 divina
2320 3645 2493 3735 quaelibet

470 3732 572 3819 stigia
599 3731 679 3811 Dei,
713 3743 748 3796 et
781 3740 987 3816 argumenta,
1020 3748 1085 3815 qne
1117 3740 1281 3796 testantur
1314 3741 1349 3795 et
1380 3749 1458 3795 esse
1509 3754 1570 3801 suo
1606 3753 1682 3812 oco,
1703 3744 1740 3799 ut
1761 3733 1862 3799 homo
1884 3734 1934 3798 sic
1946 3747 1998 3800 est
2010 3736 2176 3814 conditus,
2198 3755 2390 3820 congruens
2412 3755 2491 3800 ειιιιι

470 3817 592 3898 Deum,
617 3830 651 3884 et
673 3836 751 3883 esse
772 3817 973 3902 sapientem,
995 3835 1167 3894 veracem,
1183 3814 1381 3895 beneficum,
1409 3817 1458 3882 iu·
1507 3819 1599 3907 Lege
1631 3819 1664 3884 in
1696 3832 1805 3885 mente.
1837 3819 1958 3885 divina.
2004 3819 2081 3885 ldeo
2114 3831 2194 3886 tuuc
2226 3822 2347 3888 dicitur
2380 3823 2491 3888 bonus

471 3916 572 3984 stum,
608 3917 752 3983 castum,
784 3902 942 3980 iudicem,
973 3901 1162 3987 punientem
1191 3900 1390 3982 sceleratos,
1423 3913 1458 3968 et
1507 3919 1586 3972 aute
1607 3903 1750 3990 lupmm,
1778 3905 1854 3993 quia
1883 3908 2089 3993 congruebat
2123 3928 2197 3973 cum
2229 3919 2340 3974 mente
2365 3908 2491 3974 divina.

469 3987 625 4071 liberum,
660 3990 702 4055 de
727 3991 848 4077 quibus
870 3990 1077 4075 argumentis
1093 3985 1219 4055 Paulus
1240 3986 1337 4054 Boni.
1361 3989 1391 4053 l.
1408 3987 1457 4054 lo·
1507 3992 1581 4059 Nec
1612 3991 1789 4143 fingendae
1821 4005 1899 4058 sunt
1932 3993 2209 4059 contradictoriae
2241 3990 2434 4059 voluntates
2455 3996 2490 4059 iu

494 4080 593 4157 uitur,
627 4088 661 4142 at
693 4078 726 4141 in
755 4075 851 4139 Actis
881 4075 991 4161 capita
1016 4075 1066 4142 li.
1115 4073 1197 4141 'lam
1229 4095 1334 4161 prope
1361 4075 1457 4141 adest
1507 4078 1594 4145 Deo.
1628 4075 1664 4142 lo
1688 4080 1784 4143 annis
1804 4077 1838 4144 8.
1860 4076 2001 4152 Quando
2024 4078 2229 4145 mendacium
2250 4076 2399 4165 loquitur
2409 4078 2491 4146 Dia·

470 4099 579 4243 heus,
600 4176 637 4227 ut
659 4163 689 4227 si
707 4173 825 4247 posset
847 4162 1047 4227 contrectari
1064 4163 1231 4241 manibus,
1253 4181 1321 4226 nou
1337 4156 1457 4246 procul
1508 4162 1619 4241 bolus,
1652 4184 1696 4230 ex
1726 4166 1870 4250 propriis
1903 4161 2060 4251 loquitur,
2094 4167 2171 4251 quia
2203 4167 2345 4231 mandax
2379 4180 2433 4238 est
2455 4175 2490 4231 et

472 4250 686 4338 quaerendos
709 4259 812 4313 esset.
1506 4262 1606 4402 pateg
1626 4250 1800 4354 mendacii,
1820 4264 1929 4336 pater,
1951 4250 1984 4316 id
2005 4263 2068 4329 est,
2085 4252 2210 4336 primm
2228 4247 2306 4318 lons
2328 4263 2363 4318 ει
2380 4259 2491 4319 'causa

1507 4358 1584 4403 men
1607 4356 1681 4403 εειι.

559 4420 708 4486 Sumitur
745 4432 855 4500 autern
894 4421 936 4484 ab
971 4417 1087 4483 ordine
1128 4438 1306 4502 corporum
1344 4419 1457 4485 mundi
1484 4454 1488 4462 ·

471 4507 610 4595 primum
644 4519 890 4592 argumentum:
929 4502 1114 4590 Perpetuus
1151 4505 1233 4569 ordo
1278 4525 1456 4588 corporum
1499 4543 1502 4548 ·
1550 4571 1554 4584 ,
1593 4507 1762 4592 Discernit
1793 4519 1903 4574 autem
1932 4506 2086 4573 Christus
2117 4510 2324 4575 mendacium
2356 4531 2380 4574 a
2410 4511 2490 4576 sub·

472 4594 597 4670 mundi,
618 4606 765 4658 ιιιιιιιιιιιιι
790 4590 1001 4670 coelestium,
1034 4592 1266 4677 generationes
1287 4593 1321 4656 in
1344 4592 1456 4678 singu·
1507 4595 1641 4673 stantia,
1664 4594 1762 4680 quasi
1784 4594 1882 4673 dicat,
1905 4595 2124 4660 substantiam
2146 4598 2277 4682 quidem
2297 4593 2489 4661 habetDia·

472 4679 516 4746 lis
539 4681 717 4763 speciebus
741 4692 774 4744 et
796 4680 949 4744 ordinata
971 4680 1002 4741 in
1026 4675 1166 4763 singulis
1188 4680 1290 4744 rebus
1313 4698 1454 4743 nascen·
1508 4678 1606 4746 bolus
1629 4679 1763 4745 aliunde
1784 4691 1968 4765 acceptam.
2002 4680 2086 4745 Nam
2108 4702 2225 4748 omnes
2246 4681 2358 4768 angeli
2376 4703 2397 4748 a
2413 4680 2490 4748 Deo

471 4770 575 4845 tibus,
607 4786 717 4851 neque
753 4786 835 4830 casu
868 4778 962 4829 ortus
995 4775 1059 4843 est,
1091 4783 1199 4849 neque
1232 4776 1391 4841 maneret,
1424 4763 1455 4828 si
1510 4769 1611 4831 creati
1634 4776 1723 4846 sunt,
1751 4787 1890 4851 quorum
1913 4765 2013 4853 aliqui
2036 4779 2154 4851 postea
2177 4767 2332 4834 volentes
2359 4783 2504 4842 averte·¹

472 4868 591 4920 natura
614 4872 696 4916 casu
719 4850 921 4927 volveretur,
951 4851 1028 4918 ideo
1056 4871 1196 4917 necesso
1217 4862 1281 4928 est,
1303 4870 1381 4915 esse
1402 4871 1456 4915 sa·
1507 4864 1585 4918 runt
1607 4871 1645 4915 se
1666 4872 1687 4916 a
1710 4852 1796 4916 Deo.
1840 4850 1903 4916 llla
1933 4856 2066 4918 aversio
2099 4866 2152 4918 εει
2184 4855 2319 4939 propria
2341 4849 2490 4932 Diaboli,

472 4942 618 5028 piantem
642 4950 674 5000 ει
698 4938 820 5003 honuni
843 4939 1059 5003 conditorem.
1507 4940 1541 5004 id
1564 4947 1627 5016 est,
1657 4957 1761 5003 causa
1783 4939 1969 5004 aversionis
1991 4939 2052 5004 luit
2073 4938 2231 5006 voluutas
2254 4941 2370 5017 libera,
2403 4960 2491 5027 qttae

1555 5034 1638 5088 terat
1670 5037 1704 5089 et
1737 5044 1925 5110 repugnare
1957 5038 1991 5090 et
2024 5027 2171 5092 obedire.
2225 5034 2253 5093 t.
2277 5025 2434 5092 iohannis
2455 5026 2489 5092 2

559 5111 751 5178 Secundum
791 5124 1018 5194 argumentum
1054 5132 1075 5175 a
1101 5118 1212 5174 mente
1245 5105 1388 5172 hominis
1423 5120 1456 5172 ει
1508 5046 1789 5193 hhneuptseemta
1812 5115 1923 5176 cantis
1951 5132 2017 5177 uon
2048 5124 2101 5178 est
2132 5135 2174 5178 err
2197 5110 2314 5192 Patre,
2350 5115 2413 5180 sed
2447 5134 2491 5180 cx

427 5233 430 5243 ·
472 5199 618 5282 immutat
634 5194 732 5273 ilibus
756 5196 881 5260 notitiis
903 5199 935 5261 in
959 5218 1009 5273 ea,
1037 5219 1079 5261 ac
1101 5196 1320 5280 praecipuae
1342 5194 1456 5259 discti-
1509 5198 1654 5275 maudo,
1672 5196 1704 5260 id
1726 5208 1794 5274 est,
1816 5218 1857 5261 ex
1880 5210 1997 5263 natura
2019 5198 2161 5264 hominis
2184 5213 2358 5284 corrupta,
2381 5198 2492 5285 qualis

473 5285 560 5352 ιιιὶιιε
584 5285 803 5349 Ιιιιιιεειοιιιιιι
827 5293 860 5346 ει
882 5285 1035 5366 turpium,
1064 5284 1154 5367 quod
1176 5282 1308 5367 quidem
1328 5282 1455 5364 praeci·
1508 5304 1597 5349 nunc
1620 5295 1681 5348 est.
1716 5283 1746 5348 l.
1769 5281 1882 5350 lohau.
1906 5282 1938 5347 3.
1977 5282 2042 5357 Qui
2065 5284 2143 5350 iacit
2161 5299 2334 5370 peccatum
2357 5308 2399 5351 ex
2410 5285 2491 5353 Dia·

473 5394 575 5458 puum
595 5370 819 5436 testimonium
843 5381 892 5432 est
919 5371 960 5433 ric
982 5367 1069 5446 Deo,
1099 5370 1282 5446 ostendens
1305 5379 1337 5432 et
1364 5368 1454 5453 quotl
1509 5368 1587 5448 bolo
1621 5382 1686 5448 est,
1718 5371 1793 5456 quia
1821 5373 1864 5434 ab
1898 5371 1991 5436 initio
2014 5370 2178 5436 Diabolus
2201 5385 2334 5456 peccat,
2368 5374 2491 5453 idest,

474 5459 517 5520 sit
540 5472 568 5521 et
595 5457 706 5544 qualis
729 5457 783 5534 sit,
816 5450 969 5520 videlicet
1002 5450 1132 5540 qualem
1161 5474 1199 5520 se
1226 5454 1371 5521 ostendit
1403 5454 1455 5519 his
1532 5457 1614 5520 rima
1637 5476 1739 5520 causa
1762 5458 1892 5541 peccati
1915 5470 1968 5524 est
1990 5452 2146 5522 voluntas
2167 5455 2314 5537 Diauoli,
2337 5457 2435 5525 llom.
2458 5460 2491 5525 5.

473 5544 598 5614 notitiis
631 5564 716 5631 quas
745 5543 861 5610 indidit
894 5541 1059 5606 mentibus
1090 5538 1262 5620 humanis,
1302 5558 1387 5627 quas
1419 5550 1456 5605 ut
1506 5480 2345 5629 lerionmenttriu-avitpeccnumtnmundum,
2369 5546 2494 5627 idest,
