5892 6709
480 887 635 956 Messias.

567 1042 697 1110 Interea
723 1056 833 1110 tamen
860 1044 958 1109 valde
986 1041 1076 1108 multi
1103 1044 1200 1109 etium
1227 1064 1268 1108 ex
1296 1042 1458 1109 Gentibus

480 1132 593 1196 vocati
610 1127 743 1195 luerunt
764 1129 1024 1216 adagnitionem
1048 1130 1261 1207 Mediatoris,
1283 1141 1317 1194 et
1338 1130 1380 1194 ad
1403 1150 1458 1195 aa·

481 1226 609 1281 remam
630 1217 797 1289 iustitiam,
821 1230 855 1280 ut
878 1217 1202 1293 Nabuchodonosor,
1225 1213 1352 1301 CyruS,
1375 1213 1457 1280 Gor·

464 1299 598 1381 -aelius,
617 1314 650 1366 et
672 1299 738 1365 alii.
782 1301 823 1364 lli
846 1295 1084 1365 irrtcllexer'unt·
1097 1299 1187 1366 aliud
1208 1321 1285 1365 esse
1310 1298 1457 1386 politiam

478 1384 590 1464 moisi,
612 1384 702 1451 aliud
720 1384 1021 1451 reconciliationem
1043 1398 1077 1452 et
1098 1401 1266 1450 aeternam
1281 1385 1402 1465 lucem,
1424 1398 1458 1451 et

477 1472 634 1538 iustitiam
655 1474 687 1535 in
711 1484 827 1537 mente·
842 1487 875 1536 et
898 1475 1010 1548 corde,
1041 1547 1043 1552 ¹

564 1625 638 1691 lluc
660 1627 834 1703 discrimen
856 1626 997 1711 intelligi
1019 1646 1161 1691 necesse
1183 1637 1252 1704 est,
1273 1627 1349 1712 quia
1371 1644 1458 1690 sem·

476 1708 692 1800 perfuerunt
719 1710 851 1780 fanatici
881 1714 1047 1791 lrarnines,
1082 1714 1136 1797 qui
1159 1709 1259 1776 stulte
1285 1708 1456 1777 vacilerati

477 1807 573 1862 sant:
601 1798 767 1862 Furenses
797 1796 890 1884 leges
913 1797 1029 1875 diuisi,
1051 1818 1137 1883 qaae
1158 1810 1269 1862 tamen
1290 1816 1357 1860 non
1379 1808 1457 1861 sunt

412 1921 416 1946 r
477 1882 558 1946 luris
570 1882 749 1961 Naturalis,
772 1886 832 1946 sed
854 1883 1002 1961 Positiri,
1026 1885 1122 1947 nabis
1141 1883 1350 1947 necessarias
1368 1901 1455 1945 esse.

476 1965 520 2033 Et
541 1965 664 2033 multae
685 1981 762 2033 sunt
785 1970 903 2053 impiae
923 1973 1091 2049 κακοζῃλίαι
1113 1968 1308 2033 Pontificum
1332 1980 1367 2031 et
1384 1968 1456 2032 rto-

476 2054 660 2118 aacharum
695 2056 737 2119 de
766 2057 973 2119 ceremoniis.
1018 2055 1072 2133 Ut,
1105 2056 1138 2119 in
1168 2054 1276 2119 brotse
1303 2052 1456 2136 prohibiti

477 2151 556 2205 sunt
571 2140 703 2224 quidam
722 2139 797 2218 cibi,
822 2140 943 2204 Postea
960 2142 1059 2225 igitur·
1076 2138 1201 2205 similes
1216 2139 1456 2226 prohibitiones

476 2221 618 2289 humana
639 2227 822 2290 temeritate
844 2228 1011 2290 institutae
1033 2238 1120 2296 sunt.

563 2378 626 2444 llic
646 2381 800 2465 neganda
822 2392 875 2445 est
897 2381 1153 2465 consequentia:
1183 2378 1270 2451 Quia
1298 2390 1376 2446 tunc
1398 2399 1457 2444 vu·

475 2459 537 2529 luit
557 2462 648 2529 Deus
670 2462 817 2551 politiam
840 2465 938 2532 blaisi
961 2467 1149 2530 distinctam
1171 2484 1250 2530 esse
1272 2486 1293 2529 a
1315 2466 1456 2530 caeteris

476 2551 650 2635 gentibus,
679 2565 714 2615 ut
738 2564 829 2615 esset
852 2565 964 2616 certus
987 2564 1019 2616 ct
1041 2563 1140 2615 natus
1162 2547 1278 2628 locus,
1309 2560 1342 2614 et
1364 2562 1456 2615 certa

475 2647 556 2699 nota
577 2656 678 2720 gena,
701 2638 757 2699 ubi
779 2648 975 2701 nasceretur
996 2635 1173 2712 Mediator,
1195 2637 1253 2699 ubi
1281 2637 1456 2699 ederentur

475 2721 666 2784 testimonia
688 2723 730 2785 de
750 2723 980 2803 promissione,
1003 2734 1087 2785 etc·
1111 2720 1235 2784 Postea
1262 2719 1377 2805 politia
1398 2718 1456 2784 illa

409 2807 415 2822 “
475 2804 624 2870 horribili
648 2804 800 2891 exemplo
823 2819 960 2892 propter
977 2805 1097 2871 rnultas
1117 2825 1238 2869 causas
1261 2805 1371 2870 deleta
1393 2818 1455 2870 est.

393 2940 400 2954 .
474 2888 518 2956 Et
546 2911 734 2977 quanquam
767 2913 868 2977 saepe
895 2904 1019 2957 tentata
1046 2906 1098 2956 est
1128 2893 1311 2970 restitutio,
1345 2905 1454 2956 tamen

473 2974 571 3041 Deus
594 2978 775 3042 seditiones
800 2979 1005 3056 ludaeorum,
1027 2992 1060 3042 et
1082 2997 1189 3041 novas
1205 2978 1455 3041 aedificationes

474 3064 653 3148 oppressit.
698 3062 753 3141 Ut,
782 3064 952 3128 lietboron
980 3065 1120 3128 triennio
1148 3065 1292 3127 obsessa
1320 3065 1453 3127 tandem

473 3150 517 3213 ab
539 3149 688 3212 Adriano
711 3161 901 3235 expugnata
924 3167 957 3214 et
979 3147 1089 3214 deleta
1110 3161 1174 3226 est,
1198 3160 1231 3212 et
1257 3146 1453 3213 interfectus

474 3244 525 3297 est
554 3234 626 3297 Ben
655 3232 791 3299 Cosbun
821 3234 970 3299 Kochab.
1014 3234 1178 3318 Tempore
1203 3232 1317 3297 loliani
1345 3246 1455 3297 terrae

473 3331 565 3383 matu
595 3321 733 3383 disiecta
761 3335 838 3386 sunt
868 3321 1080 3385 fundamenta
1103 3321 1180 3383 nari
1204 3317 1331 3403 templi,
1365 3319 1454 3404 quod

472 3414 553 3468 tunc
576 3417 757 3488 coeperant
778 3406 967 3485 aedificare,
991 3420 1025 3470 et
1041 3401 1138 3470 simul
1161 3402 1263 3469 multa
1284 3402 1384 3468 millia
1404 3403 1454 3468 lu·

473 3490 631 3553 dacorum
660 3490 762 3553 ruinis
792 3512 955 3576 oppressa
982 3504 1070 3556 sunt.
1114 3490 1206 3555 llaec
1235 3490 1314 3555 alibi
1342 3492 1454 3575 copia-

471 3576 546 3639 sius
570 3571 792 3641 declarantur.

515 3788 523 3828 ι
558 3748 618 3810 llll.
663 3745 797 3810 Gradus
813 3746 991 3811 Libertatis
1014 3759 1066 3811 est
1088 3746 1240 3811 liberatio
1263 3768 1284 3811 a
1306 3747 1454 3811 traditio·

474 3830 572 3896 nibus
594 3830 745 3896 lrumanis
767 3834 800 3895 in
824 3832 991 3911 Ecclesia,
1015 3831 1169 3897 videlicet
1191 3834 1341 3918 primurn,
1365 3833 1454 3917 quad

473 3913 555 3982 nulli
579 3930 751 3982 creaturae
774 3915 874 3982 liceat
895 3921 1064 3983 instituere
1086 3916 1194 3983 cultus
1216 3917 1293 3996 Dei,
1316 3929 1374 3981 aut
1396 3916 1453 3981 ali-

401 4046 409 4063 .
473 4024 571 4088 quam
594 4001 702 4089 legem
726 4005 924 4068 contrariam
948 4004 1031 4091 Legi
1054 4006 1184 4069 divinae
1207 4007 1361 4069 condere.
1441 4032 1444 4044 =

561 4176 714 4239 Secunda
736 4175 863 4237 etiamsi
890 4177 923 4237 in
951 4173 1016 4238 bac
1038 4177 1122 4251 vita,
1153 4197 1227 4238 cum
1257 4173 1335 4238 velit
1358 4173 1453 4238 Deus

473 4256 637 4322 honestas
661 4280 868 4346 congressas
890 4257 1044 4344 publicas
1058 4281 1147 4338 esse,
1170 4280 1254 4344 opus
1269 4272 1319 4323 est
1338 4262 1453 4323 urdine

473 4356 657 4429 temporum
687 4358 719 4409 et
754 4342 949 4421 lectionum,
982 4358 1017 4414 et
1049 4343 1223 4409 Ecclesiae
1257 4366 1453 4410 «eoncessum

473 4444 544 4507 est,
569 4442 716 4516 tempora
739 4444 773 4494 et
797 4429 957 4494 lectiones
980 4432 1201 4515 dist'rrguere:
1236 4431 1358 4495 'lamen
1388 4430 1454 4495 lroc

474 4514 532 4579 liat
554 4517 626 4580 sine
649 4518 805 4600 opinione
830 4515 952 4593 cultus,
977 4530 1009 4580 et
1031 4518 1103 4580 sine
1126 4518 1279 4600 opinione
1299 4518 1453 4580 Necessi-

404 4660 407 4665 .
474 4602 562 4666 tatis.
607 4601 648 4665 Et
671 4604 776 4665 sciant
794 4603 957 4681 homines,
980 4614 1072 4665 extra
1096 4623 1209 4666 casum
1233 4603 1382 4667 scandali
1405 4616 1453 4667 ta·

366 4733 369 4737 n
473 4681 526 4752 les
545 4688 627 4752 ritus
650 4688 724 4752 sine
744 4700 884 4772 peccata
908 4690 1022 4751 amitti.

561 4841 654 4905 llaec
687 4841 801 4927 regula
843 4844 1039 4908 brevissime
1072 4841 1157 4906 tollit
1190 4843 1310 4906 multas
1348 4839 1453 4905 falsas

474 4929 649 5012 opiniones
683 4930 724 4991 du
754 4929 905 4992 lrnrrrarris
940 4931 1187 5009 traditionibus,
1222 4950 1308 5013 quae
1340 4940 1372 4991 et
1395 4930 1453 4992 ab·

475 5013 840 5095 seurantEvarrgclium
865 5017 906 5078 de
928 5017 1045 5101 gratia,
1069 5028 1101 5078 et
1124 5017 1165 5077 de
1188 5017 1275 5079 veris
1296 5013 1454 5090 cultibus,

475 5111 509 5165 et
530 5114 609 5164 sunt
630 5099 838 5184 periculosae
860 5100 1070 5165 carnificinae
1094 5103 1390 5177 conscientiarum,
1419 5112 1454 5163 at

474 5184 555 5251 alibi
578 5188 747 5270 captiosius
770 5188 900 5251 dicitur.

561 5357 765 5423 Testimonia
794 5368 903 5420 autem
934 5355 1069 5440 regulae
1097 5359 1164 5421 sint
1193 5360 1224 5420 in
1260 5368 1453 5439 conspectu.

476 5442 749 5528 llaecprobihent
765 5438 953 5528 opinionem
966 5442 1091 5508 cultus:
1114 5444 1229 5507 lllatdr.
1246 5443 1292 5506 15.
1318 5443 1454 5505 Frustra

476 5551 529 5594 me
551 5527 664 5595 colunt
685 5534 849 5596 mandatis
871 5529 1048 5595 hominum.
1092 5530 1134 5594 Et
1157 5526 1312 5593 Ezechiel
1335 5529 1388 5591 20.
1419 5526 1455 5591 ln

1097 616 1212 684 Plllla.
1233 615 1337 682 MEL.
1360 615 1549 686 scalpra
1569 616 1849 685 Docnnt'rcn.

2483 515 2588 602 ’wi

480 814 566 883 um,
605 806 674 871 ubi.
693 816 904 884 nasceretur,
944 807 1193 891 conspiceretur
1231 816 1265 869 et
1291 807 1460 871 audiretur
1498 795 1698 893 'praeceptis
1720 809 1804 872 meis
1819 803 1998 884 ambulate,
2019 826 2087 873 nan
2102 803 2136 870 in
2155 808 2342 893 praeaepffs
2358 818 2493 894 patrum

1512 906 1711 970 vestrorum,
1734 904 1797 959 etc.

1596 1046 1655 1113 llis
1678 1048 1775 1113 dictis
1798 1064 1960 1130 expresse
1979 1041 2174 1129 prohibetur
2203 1046 2314 1196 ppinia
2340 1049 2493 1114 necessi·

1509 1134 1605 1200 tatis:
1639 1132 1864 1198 Colossenses
1885 1131 1915 1197 2.
1960 1130 2065 1197 Neruo
2099 1151 2162 1196 vas
2179 1132 2213 1197 iu
2236 1134 2302 1197 icet
2333 1134 2378 1197 in·
2400 1134 2494 1214 ciba,

1508 1232 1609 1369 potu,
1637 1221 1766 1283 vicibus
1795 1218 1919 1282 dierum
1947 1213 2126 1296 festorum,
2148 1230 2213 1283 etc.
2257 1216 2300 1284 Et
2322 1216 2435 1285 Galat.
2456 1218 2493 1285 ὖ.

1524 1326 1546 1369 n

1567 1302 1738 1381 libertate,
1759 1304 1793 1368 in
1815 1324 1881 1388 qua
1892 1300 2046 1367 Christus
2068 1323 2132 1368 vus
2153 1304 2305 1383 vocavit,
2327 1315 2437 1385 state,
2458 1315 2497 1374 et

1510 1411 1577 1455 nun
1598 1392 1716 1454 iterum
1743 1392 1822 1475 iuga
1845 1390 2013 1453 servitutis
2035 1388 2263 1462 subiiciamini.
2307 1389 2379 1456 Nec
2407 1409 2494 1456 can-

1510 1476 1640 1540 dendae
1668 1496 1732 1539 nec
1764 1469 1866 1538 intelli
1892 1474 1998 1537 endae
2032 1484 2109 1537 sunt
2140 1475 2335 1540 traditiones
2368 1488 2495 1542 contra

1508 1560 1597 1627 hanc
1618 1562 1802 1626 doctrinam
1823 1562 1857 1624 in
1911 1555 2065 1645 vangelia
2087 1560 2251 1625 traditam.

1914 1937 2077 2025 Contra.

1569 2164 1663 2246 Non
1701 2165 1833 2246 minus
1870 2163 2043 2245 debetur
2080 2163 2312 2246 obedientia
2349 2163 2431 2247 Ec-

1630 2283 1784 2387 clasiae,
1816 2312 1940 2393 quam
1970 2284 2163 2393 potestati
2192 2283 2390 2395 politicae.

1570 2402 1747 2487 Violatia
1777 2403 2028 2515 politicarum
2066 2404 2201 2513 legum
2221 2413 2303 2486 'est
2331 2432 2438 2522 pec·⁸

1628 2535 1776 2605 catum.
1856 2523 2063 2605 Romanos
2107 2527 2170 2606 13.
2250 2523 2432 2605 Necesse

1628 2654 1692 2724 est
1735 2641 1918 2746 obedire,
1963 2671 2046 2724 non
2089 2643 2220 2724 salum
2262 2656 2465 2754 propter⁸

1628 2762 1739 2866 iram,
1770 2735 1998 2880 sed⁸etiam
2028 2774 2193 2873 propter
2221 2763 2432 2846 conscien-

1627 2882 1738 2962 tiam.

1567 2999 1683 3111 Erga.
1707 3014 1749 3082 et.
1779 3002 1942 3083 violatio
1974 3000 2253 3083 Traditianum
2281 3002 2431 3084 huma·

1626 3149 1769 3203 narum
1799 3121 1842 3203 in
1871 3120 2058 3223 Ecclesia,
2091 3132 2153 3202 est
2182 3135 2407 3232 peccatum

1591 3332 1794 3419 Respondeo
1825 3337 1964 3419 primum
1999 3337 2042 3399 ad
2081 3334 2256 3400 Maiorem:
2300 3289 2492 3401 illinisteria

1504 3418 1709 3506 Euangeliou
1738 3422 1878 3486 debetur
1907 3422 2112 3499 obedientia,
2137 3433 2299 3507 quatenus
2321 3433 2375 3486 est
2396 3423 2492 3487 mini·

1506 3507 1640 3570 sterium
1656 3505 1836 3655 Evangelii,
1860 3528 1925 3571 non
1949 3508 1981 3571 in
2003 3504 2075 3571 aliis
2098 3508 2257 3571 doctrinis
2281 3520 2338 3573 aut
2354 3505 2388 3571 le
2414 3510 2493 3573 'bus

1429 3645 1431 3650 .
1507 3602 1602 3655 extra
1625 3591 1853 3677 Evangeiam.
1898 3593 1984 3666 Quia
2007 3594 2221 3657 ministerium
2246 3591 2366 3678 Evang
2400 3594 2494 3659 'cum

1507 3698 1573 3739 nan
1603 3678 1703 3741 habet
1729 3690 1929 3762 patestatem
1959 3679 2122 3742 condendi
2152 3676 2236 3742 alias
2264 3675 2371 3762 leges.
2416 3678 2507 3743 Nec.

1505 3762 1608 3826 babet
1636 3753 1900 3846 prohibitionem.
1945 3765 2009 3829 Sed
2037 3774 2189 3850 potestas
2215 3761 2352 3848 politica
2383 3762 2493 3830 habet

1507 3849 1573 3911 duo
1596 3850 1765 3913 mandata:
1790 3848 1932 3913 Primam
1954 3851 2161 3933 proponendi
2188 3848 2312 3936 Legem
2340 3849 2491 3915 divinam

1507 3932 1684 4012 llloralem,
1713 3946 1745 3997 et
1766 3937 1948 4019 exequendi
1974 3956 2119 4017 poenas3
2159 3932 2311 4000 Alterum
2345 3935 2494 4001 addendi

1506 4019 1559 4083 ius
1587 4020 1785 4099 Pasitirum,
1806 4022 1838 4084 id
1862 4032 1932 4098 est,
1956 4021 2246 4085 determinationes
2270 4022 2515 4086 circumstun·'

1506 4105 1639 4169 tiaram:
1674 4105 1742 4170 Sed
1770 4128 1836 4171 nan
1864 4119 2052 4193 pugnantes
2084 4128 2159 4172 cum
2188 4104 2319 4192 legibus
2353 4105 2491 4186 divinis,

1507 4211 1593 4275 quae
1615 4192 1657 4255 ad
1676 4212 1737 4256 nes
1757 4193 1932 4276 pertinent.

1592 4343 1872 4428 Respondendum
1897 4358 1949 4410 est
1967 4348 2064 4410 etiarn
2087 4346 2130 4408 ad
2152 4343 2324 4410 Minorem.
2371 4342 2488 4410 Dissi-

1506 4427 1582 4493 mile
1605 4442 1674 4494 est:
1701 4430 1843 4496 Violatla
1866 4430 1976 4517 legum
1999 4431 2206 4516 politicarum
2229 4441 2282 4496 est
2322 4445 2492 4510 eccatum,

1506 4517 1583 4664 ppiu
1616 4515 1682 4580 lruc
1710 4519 1753 4582 ita
1787 4519 1942 4582 divinitus
1976 4519 2138 4581 sancitum
2173 4529 2226 4581 est
2317 4512 2366 4580 ult
2399 4518 2492 4581 enim

1540 4622 1600 4666 eus
1623 4602 1832 4688 corporalem
1856 4606 1955 4667 vitam
1979 4605 2047 4688 regi
2069 4601 2197 4687 legibus
2220 4600 2492 4687 Magistratuum,

1506 4699 1539 4752 et
1560 4686 1685 4752 habere
1707 4709 1767 4753 eas
1785 4700 1984 4773 potestatem
2008 4690 2171 4753 condendi
2189 4685 2317 4772 aliquas
2336 4685 2448 4774 leges.

1592 4838 1717 4904 Contra
1746 4861 1826 4906 vera
1857 4811 2015 4925 euphesse
2046 4846 2209 4907 sancitum
2238 4840 2349 4906 estin
2375 4838 2492 4906 Evan-

1506 4923 1606 5012 gelia,
1632 4948 1674 4990 ne
1691 4927 1892 4992 existimetur
1909 4948 1985 4991 esse
2003 4941 2187 5009 peccatum,
2202 4924 2338 4992 violatia
2355 4925 2493 5002 rituum,

1506 5014 1562 5098 qai
1596 5024 1671 5075 sunt
1706 5015 1847 5077 ordinati
1887 5015 1929 5077 ab
1963 5013 2139 5099 Episcopis
2180 5035 2242 5078 seu
2276 5010 2491 5076 pastoribus.

1506 5099 1591 5170 Quia
1613 5097 1684 5161 nult
1706 5098 1799 5162 Deus
1821 5097 2007 5163 Ecclesiam
2030 5111 2155 5164 tantum
2182 5119 2245 5163 sua
2274 5098 2379 5161 verba
2406 5119 2444 5162 re
2469 5098 2495 5174 i,

1506 5206 1572 5269 qua
1603 5185 1783 5247 redduntur
1812 5187 1934 5249 institia
1956 5197 1988 5249 ct
2022 5186 2088 5249 vita
2115 5197 2261 5249 aeterna.
2311 5182 2387 5245 Nan
2419 5194 2492 5248 vui

1506 5269 1581 5333 addi
1611 5268 1770 5334 hamanus
1803 5274 2009 5336 traditiones.
2054 5272 2105 5336 Aa
2133 5291 2267 5354 semper
2297 5270 2331 5332 in
2364 5271 2492 5334 mundo

1507 5357 1682 5419 creverunt
1716 5356 1822 5437 idola,
1859 5379 1932 5421 cum
1968 5354 2032 5419 lrac
2063 5358 2283 5441 persuasione
2315 5352 2495 5420 hominum

1506 5443 1605 5504 animi
1629 5441 1781 5506 fascinati
1805 5444 1948 5520 luerunt,
1971 5440 2134 5507 humanas
2158 5445 2241 5508 ritus
2264 5461 2343 5505 esse
2366 5440 2495 5521 cultura,

1507 5538 1540 5591 et
1561 5547 1639 5592 esse
1660 5549 1715 5592 res
1737 5530 1959 5594 necessarias.
