5892 6709
926 613 1058 679 243

2189 611 2418 679 Pml..
2459 611 2668 680 MEL.
2712 609 3090 680 SCRIPTA
3121 610 3679 680 DOGMAncA.
3752 715 3763 724 .

931 795 1214 865 bellator
1255 800 1502 879 losiaa,
1567 811 1635 864 et
1693 810 1973 865 eventus
2032 811 2354 886 reguntur
2396 811 2674 865 naturae
2727 797 2889 888 legi·
2988 796 3188 878 facio,
3231 810 3300 865 et
3331 800 3478 884 ipse
3519 797 3742 878 faciet,
3789 810 3856 865 et
3896 782 4150 864 maiora
4190 798 4296 864 his
4338 796 4574 877 faciet,
4618 798 4775 885 quia

929 884 1080 963 buS,
1126 885 1287 971 quid
1328 886 1605 969 prodest
1626 883 1939 950 auxilium
1982 883 2111 950 Dei
2133 897 2381 969 petere,
2423 897 2496 951 ut
2538 887 2559 949 i
2608 905 2685 950 se
2728 888 2889 951 dex·

2643 971 2890 1037 minet?
2986 971 3253 1035 nomine
3296 991 3471 1049 meo,
3515 968 3643 1036 hoc
3685 969 3950 1049 faciam,
3992 980 4065 1035 ut
4106 967 4518 1055 glorificetur
4550 990 4673 1054 per
4692 967 4951 1036 Filium.

926 1052 1119 1121 Multi
1164 1056 1384 1120 sciunt
1425 1053 1598 1120 tales
1644 1056 2109 1141 cogitationeS,
2151 1075 2396 1142 magna
2426 1057 2889 1140 impedimenta

933 979 1101 1035 tram
1168 971 1315 1035 eius
1373 980 1622 1049 armet,
1686 969 1766 1035 et‘
1815 966 2087 1034 militum
2159 973 2416 1035 animos
2479 972 2546 1033 in

929 1159 1086 1215 esse
1126 1141 1588 1205 invocationis.

1099 1275 1401 1341 Necesse
1436 1287 1543 1341 est
1584 1276 1783 1362 igitur
1825 1276 1893 1339 in
1939 1273 2247 1340 Ecclesia
2290 1275 2439 1360 pias
2483 1288 2736 1342 mentes
2780 1296 2882 1340 re-

932 1371 1041 1427 cte
1084 1362 1327 1427 erudiri
1385 1362 1468 1427 de
1521 1361 1655 1426 hac
1701 1360 2125 1446 quaestione,
2192 1372 2255 1425 et
2300 1363 2470 1427 bene
2513 1360 2889 1427 confirmari
2966 1383 2971 1388 ·

933 1458 1170 1512 contra
1213 1444 1482 1511 Stoicos
1541 1466 1831 1512 errores.
1925 1444 2227 1531 Suntque
2280 1444 2456 1513 haec
2507 1467 2667 1512 vera
2709 1448 2885 1532 prin·

927 1532 1095 1613 cipia
1139 1529 1517 1596 firmissime
1561 1532 1867 1596 tenenda.

942 2149 1093 2194 cum
1134 2126 1335 2193 Moisi
1386 2149 1573 2194 mare
1614 2131 1886 2196 rubrum
1928 2126 2268 2213 patefacit,
2341 2149 2489 2195 cum
2533 2130 2883 2217 praelianti

925 2214 1160 2280 iosuae
1205 2216 1382 2279 sistit
1425 2212 1659 2293 solem,
1705 2235 1856 2279 cum
1897 2226 2172 2298 propter
2213 2227 2491 2298 peccata
2514 2214 2723 2281 lsrael
2764 2218 2881 2282 im-

971 2300 1106 2363 edit
1128 2297 1394 2381 pluvias
1429 2311 1569 2364 toto
1611 2300 1913 2378 triennio,
1957 2310 2024 2363 et
2056 2312 2297 2385 postea
2327 2302 2541 2365 reddit
2563 2314 2882 2385 precante

981 2383 1104 2462 lia,
1161 2406 1310 2449 cum
1356 2385 1468 2450 dat
1514 2384 1705 2449 Isaac
1749 2384 2164 2470 centuplum,
2228 2407 2379 2451 cum
2401 2388 2590 2472 Agar
2641 2385 2882 2472 pulsae

922 2471 993 2534 in
1027 2465 1291 2535 exilium
1333 2468 1588 2534 fontem
1630 2471 1699 2535 in
1743 2472 2010 2536 deserto
2052 2482 2415 2551 monstrat,
2475 2492 2625 2536 cum
2684 2485 2882 2538 sanat

920 2551 1276 2619 Ezechiam
1319 2555 1387 2620 in
1430 2558 1664 2621 morbo
1709 2553 1911 2622 letali.
2000 2554 2173 2620 Deni
2226 2576 2309 2620 ue
2365 2555 2523 2621 talia
2580 2577 2765 2623 exem
2813 2556 2881 2623 la

920 2638 1125 2704 multa
1168 2640 1422 2724 scripta
1476 2652 1667 2719 sunt,
1729 2653 1805 2707 ut
1848 2642 2138 2746 quotidie
2178 2578 2396 2706 Deum
2438 2654 2713 2727 propter
2753 2580 2881 2707 lge-

924 2722 1198 2804 clesiam
1240 2723 1480 2789 similia
1521 2723 1769 2792 facere·
1791 2745 2106 2803 sclamuS,
2155 2726 2568 2792 etiamsinon
2593 2731 2879 2794 omnium

923 2808 1142 2876 oculis
1185 2811 1807 2877 animadvertuntur.

1096 2965 1493 3049 Saepissime
1531 2985 1693 3029 vero
1730 2962 2011 3031 consilia
2046 2978 2111 3030 et
2133 2964 2509 3031 voluntates
2544 2967 2881 3032 hominum

922 3048 1128 3115 flectit
1172 3069 1306 3135 quo
1350 3047 1529 3129 vult,
1572 3051 1719 3115 sine
1764 3052 1989 3117 causis
2033 3053 2383 3133 secundis,
2428 3065 2502 3118 ut
2549 3073 2699 3118 cum
2742 3072 2881 3117 mo-

919 3147 1036 3201 vet
1055 3131 1419 3200 Alexandri
1462 3146 1747 3200 mentem
1770 3139 1857 3201 ad
1892 3133 2142 3202 bellum
2176 3137 2407 3202 Persis
2440 3135 2879 3217 inferendum,

919 3232 988 3286 et
1023 3220 1261 3286 deinde
1302 3218 1686 3304 praeliantis
1732 3222 2028 3287 dextram
2072 3223 2265 3307 regit,
2306 3242 2430 3288 seu
2462 3244 2610 3290 cum
2645 3224 2882 3289 incutit

887 3293 1214 3371 ’terrores
1271 3305 1691 3392 fugientibus
1745 3306 2091 3386 hostibuS,
2146 3318 2219 3372 ut
2271 3305 2581 3373 psalmus
2636 3310 2876 3393 inquit=

920 3388 1228 3456 Terribili
1286 3403 1354 3456 et
1441 3393 1648 3457 otenti
1714 3393 1826 3478 qui
1869 3392 2087 3459 aufert
2140 3394 2440 3478 spiritum
2490 3394 2878 3478 principum.

918 3479 1017 3542 Ita
1060 3476 1352 3541 sciamus
1452 3498 1601 3541 eum
1641 3476 1981 3544 liberrime
2022 3481 2091 3543 in
2135 3493 2372 3545 natura
2399 3483 2484 3543 'et
2526 3476 2881 3545 voluntati-

919 3562 1049 3627 bus
1094 3557 1304 3627 multa
1345 3562 1677 3626 moderari
1719 3584 1844 3628 sua
1887 3565 2214 3648 sapientia
2272 3575 2339 3629 et
2401 3566 2881 3645 misericordia,

920 3645 1120 3712 etiam
1177 3656 1447 3730 praeter
1513 3666 1757 3712 causas
1800 3651 2161 3714 secundas.
2251 3649 2661 3735 Obstrepunt
2707 3651 2878 3716 enim

917 3730 1249 3797 mentibus
1303 3729 1641 3796 hominum
1690 3733 1865 3797 inter
1916 3735 2361 3800 invocandum
2415 3732 2582 3799 alias
2640 3734 2879 3820 Epicu-

919 3836 1078 3882 reae
1120 3817 1489 3902 opiniones,
1537 3829 1607 3882 ut
1626 3816 1888 3901 plurimi
1921 3818 2224 3884 homines
2270 3821 2568 3886 dubitant
2600 3822 2685 3886 de
2727 3843 2881 3908 pro-

916 3903 1234 3983 videntia,
1268 3901 1437 3968 alias
1459 3903 1805 3987 opiniones
1850 3902 2144 3986 Stoicae,
2181 3916 2250 3970 ut
2294 3927 2444 3971 cum
2509 3904 2747 3994 aliquis
2793 3910 2880 3972 si-

919 3989 1382 4074 gnificationes
1446 3988 1647 4055 futuri
1690 3988 1846 4055 mali
1890 4011 2201 4070 cernens,
2249 3993 2521 4077 cogitat,
2565 3994 2722 4079 quid
2762 4013 2875 4078 pe-

919 4089 1051 4140 tam
1117 4073 1611 4152 liberationem,
1682 4096 1829 4142 cum
1907 4079 2076 4142 ordo
2141 4074 2440 4142 fatalium
2524 4098 2876 4145 causarum

918 4180 1050 4224 non
1096 4162 1426 4228 mutetur?

1088 4313 1439 4380 Adversus
1482 4314 1610 4379 has
1654 4316 1967 4380 tenebras
2011 4314 2362 4393 humanas,
2405 4316 2775 4401 perspicuis
2814 4324 2879 4380 et

919 4399 1126 4464 firmis
1169 4401 1565 4466 testimoniis
1612 4400 1851 4464 divinis
1896 4401 2297 4465 erudiendae
2329 4411 2482 4465 sunt
2517 4400 2667 4487 piae
2700 4420 2879 4465 men·

918 4496 1048 4564 teS,
1092 4495 1165 4549 ut
1207 4488 1425 4551 sciant
1469 4498 1534 4552 et
1567 4487 1861 4551 exaudiri
1895 4484 2239 4551 Ecclesiae
2262 4506 2521 4571 preces,
2567 4498 2631 4550 et
2660 4483 2878 4551 Deum

918 4590 1055 4634 non
1092 4587 1246 4636 esse
1268 4571 1589 4649 Stoicum,
1635 4573 1755 4636 sed
1793 4591 2004 4658 agens
2036 4569 2342 4651 liberum,
2381 4593 2515 4636 non
2538 4568 2878 4657 alligatum

920 4655 1008 4720 ad
1053 4674 1300 4720 causas
1348 4659 1716 4735 secundas,
1771 4658 1902 4722 imo
1948 4671 2222 4743 propter
2262 4670 2539 4724 nostros
2596 4660 2876 4744 gemitus
2927 4680 2928 4688 ¹

919 4741 1250 4806 moderari
1299 4762 1543 4808 causas
1601 4745 1963 4821 secundas,
2008 4756 2121 4810 aut
2165 4745 2515 4829 impedire,
2558 4755 2696 4808 -aut
2743 4766 2881 4810 mu·
2925 4742 2928 4782 5

919 4839 1082 4891 tare.

1095 5047 1240 5113 Huc
1282 5049 1614 5133 pertinent
1655 5050 1823 5116 haec
1866 5053 2069 5117 dicta:

1091 5184 1327 5251 Matth.
1373 5187 1480 5250 21.
1573 5186 1814 5252 Omnia
1857 5208 2027 5273 quae
2069 5189 2290 5272 petitis
2334 5188 2715 5266 credenteS,
2762 5207 2873 5251 ac-

917 5272 1195 5423 ¹qieqictiS.
1235 5348 1242 5354 ,
1285 5273 1359 5340 Si
1417 5273 1649 5339 dicetis
1718 5272 1871 5337 huic
1925 5276 2163 5351 monti,
2230 5273 2406 5340 lacta
2451 5286 2515 5339 te
2558 5276 2621 5339 in
2667 5293 2871 5352 mare,

1959 1528 2153 1597 Deus
2207 1542 2316 1598 est
2355 1551 2568 1619 agens
2625 1531 2886 1598 liberri-

921 1635 1133 1693 mum,
1188 1626 1257 1681 et
1300 1617 1494 1682 adest
1549 1637 1674 1682 suo
1718 1617 2007 1702 opificio,
2038 1636 2176 1683 non
2239 1628 2313 1682 ut
2356 1618 2627 1684 Stoicus
2670 1616 2887 1696 DeuS,

885 1699 898 1708 ’
924 1702 1046 1767 sed
1100 1712 1177 1767 ut
1225 1721 1439 1787 agens
1487 1699 1910 1768 liberrimum.
1996 1702 2085 1767 Et
2127 1723 2504 1788 quanquam
2551 1714 2886 1769 sustentat

922 1806 1150 1851 rerum
1191 1789 1640 1866 substantias,
1684 1800 1750 1855 et
1790 1808 2035 1891 magna
2076 1809 2163 1855 ex
2203 1801 2393 1871 parte
2437 1801 2670 1854 servat
2712 1788 2885 1855 ordi·

921 1892 1075 1937 nem
1121 1892 1496 1957 corporum,
1541 1894 1735 1959 quem
1781 1873 2087 1952 instituit,
2132 1884 2349 1937 tamen
2392 1874 2712 1940 immensa
2767 1875 2885 1941 mi-

923 1958 1292 2022 sericordia
1355 1955 1597 2024 multas
1653 1970 1881 2043 partes
1934 1960 2348 2036 moderatur,
2417 1972 2485 2025 et
2546 1963 2882 2027 secundas
2927 2029 2934 2039 ,

923 2063 1170 2108 causas
1214 2041 1326 2108 vel
1358 2044 1653 2122 adiuvat,
1698 2040 1809 2109 vel
1851 2045 2139 2128 impedit,
2187 2055 2253 2108 et
2296 2064 2501 2132 saepe
2542 2057 2773 2127 mutat,
2811 2058 2882 2112 ut
2929 2047 2932 2048 ⁷

2988 884 3074 949 ad
3116 897 3368 969 patrem
3412 886 3610 951 vado.
3696 884 3782 948 Et
3837 885 4145 970 quicquid
4168 885 4490 967 petieritis
4548 818 4954 952 Patremeffg

3108 1104 3350 1255 ctRom.
3395 1106 3457 1169 4.
3547 1104 3889 1172 Abraham
3930 1117 4198 1197 praeter
4232 1124 4421 1193 spem
4464 1107 4780 1185 credidit,
4825 1125 4952 1193 spe

2989 1210 3102 1256 ere
3174 1210 3277 1255 ue.

3159 1324 3359 1390 Deut.
3403 1326 3467 1392 8.
3554 1324 3709 1391 Non
3750 1327 3818 1391 in
3852 1324 4002 1391 solo
4044 1345 4217 1411 pane
4259 1328 4423 1392 vivit
4462 1326 4689 1407 homo,
4724 1327 4852 1394 sed
4881 1314 4955 1393 in
5022 1281 5031 1290 .

2985 1412 3166 1476 omni
3206 1412 3443 1491 verbo,
3489 1412 3666 1497 quod
3709 1412 4012 1497 procedit
4054 1431 4142 1476 ex
4185 1431 4304 1477 ore
4346 1410 4499 1476 Dei.

3157 1545 3409 1632 Ephes.
3468 1546 3531 1612 3.
3621 1546 3708 1612 Et
3764 1549 3825 1612 ei
3883 1550 3995 1633 qui
4042 1557 4266 1633 potest
4322 1544 4617 1614 SUPER
4658 1545 4955 1614 OMNIA

2988 1644 3054 1697 et
3094 1629 3501 1698 excellenter
3543 1653 3584 1695 o
3632 1653 3735 1698 em
3767 1630 3966 1712 ferre,
4013 1653 4216 1718 supra
4259 1654 4456 1718 quam
4587 1635 4785 1699 timus
4830 1644 4951 1700 aut

2986 1717 3193 1784 intelli
3267 1738 3437 1784 mus.
3605 1737 3728 1783 aec
3774 1720 3984 1783 verba
4025 1716 4376 1785 manifeste
4733 1728 4763 1783 t
4810 1720 4954 1803 opi-

2985 1802 3178 1869 tulari
3288 1824 3471 1882 eum,
3528 1805 3724 1869 etiam
3768 1824 3917 1870 cum
3962 1805 4129 1870 ratio
4183 1806 4364 1871 videt
4417 1823 4660 1871 causas
4704 1822 4950 1894 secun-

2985 1891 3106 1955 das
3149 1890 3433 1955 minitari
3476 1890 3758 1955 exitium.

3155 2023 3402 2089 Psalm.
3446 2024 3511 2090 9.
3603 2024 3731 2098 Qui
3787 2021 4045 2091 exaltas
4114 2045 4218 2090 me
4275 2027 4359 2090 de
4414 2030 4628 2111 portia
4682 2026 4949 2106 mortis,

2982 2122 3056 2177 ut
3097 2131 3361 2176 narrem
3403 2108 3640 2176 laudes
3686 2123 3836 2177 tuas
3881 2114 3948 2175 in
3992 2114 4204 2198 portis
4250 2109 4427 2177 filiae
4471 2112 4657 2178 Zion.

3150 2243 3398 2313 Psalm.
3426 2246 3529 2312 10.
3597 2246 3744 2312 Tibi
3785 2246 4148 2314 derelictus
4185 2259 4287 2313 est
4315 2268 4590 2333 pauper,
4634 2246 4948 2332 orphano

2982 2344 3053 2400 tu
3097 2336 3232 2398 eris
3274 2333 3562 2412 adiutor,
3603 2334 3670 2399 id
3707 2344 3836 2414 est,
3881 2334 3987 2414 iis,
4032 2335 4144 2419 qui
4188 2335 4434 2400 deserti
4477 2354 4520 2399 a
4564 2335 4792 2400 causis
4838 2353 4948 2400 se-

2984 2420 3219 2485 cundis
3265 2431 3333 2484 te
3372 2420 3706 2485 invocant.

3154 2553 3402 2620 Psalm.
3447 2555 3554 2620 2⁷.
3642 2556 3846 2621 Pater
3901 2566 3968 2621 et
4017 2567 4227 2621 mater
4273 2553 4767 2642 dereliquerunt
4810 2574 4949 2635 me,

2979 2638 3303 2705 Dominus
3348 2652 3568 2705 autem
3614 2642 3909 2726 suscepit
3952 2662 4078 2706 me.

3155 2774 3401 2840 Psalm.
3464 2776 3566 2842 23.
3700 2775 3976 2841 Etiamsi
4072 2774 4500 2842 ambulavero
4574 2778 4642 2841 in
4722 2778 4950 2844 medio

2980 2863 3256 2926 umbrae
3311 2864 3574 2941 mortis,
3655 2882 3788 2929 non
3855 2864 4101 2928 timebo
4172 2862 4386 2942 mala,
4455 2862 4609 2948 quia
4671 2873 4745 2926 tu
4813 2883 4953 2928 me—

2985 2967 3133 3012 cum
3178 2967 3271 3011 es.
4366 2961 4379 2972 ·

3154 3080 3404 3148 Psalm.
3468 3084 3576 3149 46.
3683 3085 4050 3169 Propterea
4112 3101 4248 3148 non
4311 3084 4682 3151 timebimus
4699 3128 4721 3161 ,
4794 3105 4959 3151 cum

2983 3169 3337 3233 turbatitur
3379 3179 3580 3235 terra.

2979 3390 3023 3456 b
3153 3303 3378 3408 [ohan.
3452 3304 3556 3371 10.
3644 3305 3856 3371 Nemo
3899 3304 4114 3388 rapiet
4169 3323 4335 3370 oves
4379 3324 4562 3371 meas
4606 3303 4693 3370 de
4732 3308 4952 3373 mani-

3026 3408 3108 3456 us
3151 3409 3338 3455 meis.

3150 3526 3236 3593 Et
3268 3523 3505 3592 Matth.
3535 3524 3635 3591 16.
3725 3527 3972 3592 Portae
4016 3523 4376 3593 inferorum
4417 3546 4552 3591 non
4592 3523 4951 3630 praevale-

2979 3616 3144 3679 bunt
3200 3614 3528 3678 adversus
3594 3609 3982 3677 Ecclesiam.
4071 3611 4202 3678 Ubi
4228 3611 4334 3676 ·fit
4386 3609 4655 3678 collatio
4708 3623 4954 3697 poten·

2980 3699 3140 3848 hig?
3208 3709 3660 3763 creaturarum
3707 3719 3856 3763 cum
3897 3694 4226 3764 Ecclesia.
4287 3697 4377 3763 Et
4435 3717 4684 3764 causae
4702 3715 4957 3764 secun-

2984 3879 3090 3934 tur

3180 3784 3555 3933 ,⁰3⁸2‘50‘es
3600 3794 3778 3864 sunt,
3822 3804 4022 3870 quam
4043 3781 4368 3861 Ecclesia,
4411 3783 4537 3849 sed
4577 3784 4955 3869 reprimun-

3177 3891 3331 3935 1v1n1
3361 3888 3464 3935 us.

3155 4039 3260 4104 Ac
3320 4039 3551 4106 talium
3610 4037 4138 4105 consolationum
4179 4036 4420 4122 plenae
4476 4049 4634 4103 sunt
4675 4039 4958 4106 concio·

2983 4144 3104 4191 nes
3150 4126 3436 4204 divinae,
3479 4125 3655 4189 hanc
3697 4127 3908 4209 ipsam
3952 4127 4039 4191 ob
4087 4144 4364 4190 causam
4404 4123 4828 4209 proposfffflen
4870 4134 4959 4190 Β·

2983 4232 3133 4275 cum
3173 4215 3472 4295 potentia
3514 4212 3760 4289 mundi,
3804 4212 3864 4275 si
3907 4230 4150 4275 causas
4195 4211 4528 4276 secundas
4565 4210 4956 4275 considere-

2981 4315 3162 4375 mus,
3229 4292 3430 4384 longe
3495 4294 3850 4362 antecellat
3915 4293 4288 4375 Ecclesiae,
4354 4296 4646 4361 sciamus
4716 4305 4957 4361 tamen

2982 4381 3198 4446 Deum
3264 4378 3598 4448 liberrime
3651 4384 3980 4448 moderari
4036 4383 4324 4448 omnium
4379 4402 4602 4447 rerum
4644 4381 4834 4446 vires
4881 4391 4964 4447 ct

2981 4478 3237 4546 motuS,
3307 4480 3377 4534 et
3415 4466 3595 4534 velle
3638 4469 3766 4534 sibi
3807 4465 4180 4533 Ecclesiam
4223 4487 4534 4546 servare,
4591 4477 4658 4534 et
4698 4485 4961 4533 revera

2937 4604 2938 4608 ,
2983 4554 3296 4619 exaudire
3341 4556 3730 4619 invocantes
3772 4556 3792 4617 i
3843 4575 4028 4632 sum,
4072 4554 4141 4618 in
4194 4554 4535 4639 agnitione
4587 4561 4654 4618 et
4692 4550 4957 4621 fiducia

2982 4639 3246 4705 Domini
3290 4642 3502 4705 nostri
3537 4640 3695 4704 lesu
3738 4638 3793 4703 C
3842 4639 4006 4703 risti.

3151 4793 3256 4856 Ac
3290 4793 3566 4877 prodest
3599 4789 3853 4856 habere
3890 4792 3956 4855 in
3979 4804 4241 4875 promtu
4275 4790 4483 4857 multa
4517 4792 4718 4870 dicta,
4768 4810 4958 4876 quae

2979 4877 3362 4958 adfirmant,
3411 4877 3622 4941 Deum
3667 4889 3826 4940 tunc
3870 4897 4030 4941 vere
4072 4875 4252 4942 velle
4297 4874 4635 4962 opitulari,
4702 4896 4859 4940 cum
4908 4898 4959 4942 a

2981 4966 3302 5028 creaturis
3347 4963 3594 5028 deserti
3643 4984 3909 5041 sumuS,
3973 4964 4146 5028 sicut
4204 4961 4387 5028 clare
4430 4962 4638 5048 inquit
4680 4958 4949 5029 Psalm.

2977 5049 3081 5113 71.
3173 5050 3512 5114 Liberavit
3554 5069 3938 5136 pauperem,
3983 5050 4088 5114 cui
4134 5070 4271 5114 non
4306 5059 4449 5114 erat
4491 5048 4773 5113 adiutor.

3149 5185 3235 5250 Et
3287 5186 3467 5249 Esai.
3512 5184 3618 5249 57.
3709 5185 4036 5252 Dominus
4091 5184 4347 5251 habitat
4401 5185 4470 5250 in
4527 5185 4816 5267 contrito
4881 5195 4959 5251 et

2972 5269 3201 5336 humili
3240 5273 3490 5356 spiritu.

3144 5407 3228 5472 Et
3272 5409 3387 5473 lob
3430 5409 3640 5494 inquit
3684 5429 3830 5492 cap.
3896 5406 3996 5472 13.
4085 5406 4360 5472 Etiamsi
4424 5408 4749 5472 occiderit
4807 5428 4951 5489 me,

1087 5492 1306 5561 iohan.
1356 5495 1458 5561 14.
1549 5494 1677 5569 Qui
1724 5495 1930 5561 credit
1975 5497 2040 5559 in
2090 5513 2216 5574 me,
2264 5516 2469 5582 opera
2510 5515 2681 5582 quac
2739 5516 2870 5583 ego
2971 5497 3258 5581 sperabo
3304 5497 3370 5560 in
3414 5515 3585 5575 eum,
3629 5497 3820 5583 quasi
3865 5496 4061 5572 dicat,
4106 5492 4263 5559 Non
4295 5496 4552 5558 irascar
4572 5491 4755 5572 Deo,
4801 5513 4951 5562 non
