5892 6709
519 641 592 713 Ι1571
1153 638 1268 706 PlllL.
1289 637 1393 706 MEL.
1415 637 1606 706 SCRIPTA
1625 637 1906 710 DOGMATIGA.
2478 642 2547 712 tta

522 833 612 900 sicut
632 852 706 899 earu
728 830 822 896 Deus
845 826 1020 895 ordinavit.
1055 828 1229 895 Ordinavit
1250 838 1371 906 autem,
1392 837 1430 894 ut
1451 828 1522 893 det
1647 827 1842 917 cogitentur
1864 831 1963 896 etiam
1983 830 2019 896 in
2038 830 2092 896 his
2118 832 2308 916 praeceptis
2329 850 2399 896 uon
2419 831 2543 902 utilita-

525 923 646 988 beatur
673 917 862 984 obedientia
888 916 1047 982 ministris
1077 912 1255 1000 Evangelii
1278 918 1312 980 in
1342 914 1507 996 omnibus,
1557 925 1610 981 tes
1627 926 1764 996 tantum,
1784 918 1874 982 sicut
1892 912 2123 982 Iurisconsulti
2136 919 2301 1004 cogitans,
2323 917 2420 1004 pacis
2438 939 2544 986 eausa

525 1008 714 1094 quaesunt
745 1004 827 1068 iuris
849 1002 948 1068 divini
954 1049 968 1081 ,
989 1002 1081 1068 iuxta
1103 1003 1208 1066 dieta:
1230 1001 1294 1074 Qui
1317 1020 1379 1068 vos
1402 1002 1505 1081 audit,
1557 1003 1727 1088 prohiberi
1749 1005 1886 1069 caedem
1908 1015 1942 1069 et
1963 1000 2142 1082 adulteria,
2170 1005 2233 1072 sed
2254 1005 2443 1070 iutueamur
2466 1025 2544 1074 cru·

525 1114 580 1160 me
602 1092 705 1171 audit,
728 1089 794 1164 Qui
815 1109 878 1155 vos
899 1091 1039 1173 spernit,
1062 1107 1114 1153 me
1136 1090 1273 1172 spernit.
1304 1087 1395 1152 ilaec
1418 1088 1507 1152 dictu
1558 1108 1616 1155 sas
1633 1090 1780 1174 priorest
1803 1088 1897 1156 Deus
1920 1088 1992 1155 vult
2015 1089 2280 1156 conformitatem
2303 1111 2379 1157 cum
2399 1110 2468 1158 suo
2489 1111 2542 1158 or·

526 1190 655 1245 tantum
684 1177 727 1242 ad
757 1175 941 1240 docuinam
969 1187 1003 1240 et
1024 1175 1177 1240 mandata
1204 1175 1284 1240 iuris
1307 1173 1407 1238 divini
1430 1193 1506 1257 per·
1558 1176 1644 1242 dine.
1688 1174 1767 1262 lpse
1787 1188 1897 1242 autent
1919 1175 2026 1262 diligit
2045 1174 2162 1243 Filium
2185 1174 2367 1256 Christum,
2387 1177 2543 1262 prohihet

526 1266 642 1344 tinent,
665 1274 699 1329 et
721 1281 789 1326 uon
812 1262 1016 1326 constituunt
1033 1260 1207 1345 Episcopis
1230 1273 1286 1325 aut
1309 1259 1506 1326 Pastorihus
1557 1263 1698 1327 iniustas
1716 1263 1843 1328 caedes
1866 1263 1900 1326 iu
1922 1271 1993 1327 toto
2015 1282 2140 1348 genere
2161 1263 2317 1329 humano.
2337 1261 2404 1329 Est
2414 1275 2542 1346 metus,

525 1369 664 1438 regnum
686 1359 781 1414 extra
802 1347 1027 1413 ministerium.
1558 1348 1632 1413 ideo
1655 1345 1726 1413 vult
1747 1359 1780 1413 et
1802 1368 1865 1412 nos
1889 1360 2004 1413 castos
2027 1368 2116 1428 esse,
2140 1359 2173 1413 et
2195 1350 2336 1415 destruit
2358 1349 2540 1417 corrueris

1558 1434 1650 1513 Item,
1671 1436 1817 1500 sciamus
1838 1435 1936 1500 etiam
1958 1436 2263 1520 interpretationem
2284 1431 2456 1501 aChristo
2478 1449 2542 1504 tra·

611 1517 667 1586 De
698 1519 847 1605 ipsomm
879 1530 990 1584 autem
1024 1518 1256 1584 traditionibus
1288 1514 1507 1604 Evangelinm
1559 1520 1660 1586 ditem
1680 1519 1799 1586 Matth
1821 1520 1854 1585 5.
1877 1519 2035 1586 videlicet
2056 1542 2126 1588 uon
2136 1531 2264 1587 tautum
2275 1532 2417 1588 externa
2439 1540 2566 1606 open.

526 1605 595 1674 hoe
616 1606 741 1684 saucit,
762 1603 998 1670 Ordinationes
1024 1603 1168 1670 hunuano
1191 1605 1368 1670 autor-itate
1396 1601 1506 1668 iactas
1559 1607 1730 1687 contraria
1749 1606 1846 1693 Legi,
1867 1608 2008 1672 iniustas
2031 1609 2154 1673 caedes
2177 1618 2211 1671 et
2232 1606 2404 1674 libidinum
2426 1605 2542 1676 conlu-

524 1690 762 1779 iutelligeudas
781 1711 859 1756 esse
880 1692 953 1755 sine
975 1691 1131 1775 opinione
1149 1688 1259 1757 cultus
1288 1702 1323 1755 et
1343 1692 1415 1754 sine
1439 1709 1459 1754 o
1484 1689 1508 1754 i·
1559 1694 1675 1759 siones
1696 1692 1877 1779 prohiberi,
1908 1695 1970 1760 sed
1991 1694 2091 1760 etiam
2112 1694 2285 1760 interiores
2307 1691 2464 1760 Minutas
2485 1716 2541 1782 pu·

527 1779 627 1844 nioue
648 1778 874 1856 necessitatis,
897 1787 934 1842 ut
955 1787 1034 1842 sunt
1056 1778 1247 1843 observatio
1264 1775 1437 1856 festorum,
1458 1712 1506 1841 fe·
1559 1791 1702 1866 guantes
1719 1799 1795 1846 cum
1816 1778 1910 1866 Lege
1930 1776 2007 1845 Dei.

528 1866 674 1930 dicum
706 1875 770 1929 etc.
816 1863 885 1929 Sed
917 1869 993 1929 curia
1021 1865 1198 1949 opponitur
1230 1861 1417 1948 exemplum
1441 1863 1507 1927 he·

527 1948 1508 2122 ttttrtllt'ttafftttt'{titillabititit

572 2131 727 2188 testatem
744 2083 925 2208 ’patrima
952 2081 1138 2227 autumari
1161 2122 1325 2227 condendi
1353 2122 1507 2206 proprias

524 2227 744 2361 {figezinffig
764 2204 1508 2379 ἲιιῗιῖιὶιῖιυιξῃὲειοἷῖἓιιιιίιῗτῖιὲἑῖἰιὲἕιόῧζᾱῖἒιι

525 2383 571 2446 tia
594 2382 705 2447 debita
733 2379 885 2447 honestis
912 2377 1043 2466 legibus
1076 2392 1110 2445 et
1137 2382 1310 2446 sententiis
1330 2378 1507 2466 Magistra-

524 2478 628 2533 tuum.

1645 1913 1798 1982 Sciamus
1821 1917 1931 1994 etiam,
1976 1916 2121 1981 uomodo
2142 1917 2415 2002 respondendum
2438 1915 2542 1984 sitlu·

1559 1998 1648 2066 liano
1681 2010 1715 2066 et
1746 1999 1841 2082 aliis,
1873 2002 1928 2089 qui
1950 1937 2200 2088 Msputaveruut
2221 2000 2399 2089 Evangelii
2422 2005 2544 2070 dochi-

1559 2107 1635 2153 nam
1657 2088 1837 2153 absurdam
1858 2101 1891 2155 et
1912 2089 2134 2173 perniciosum
2156 2107 2233 2152 esse
2252 2089 2340 2153 vitae
2362 2085 2544 2169 humanae,

1559 2175 1637 2261 quia
1657 2173 1833 2325 prohibeat
1848 2174 2038 2240 vindictam.
2080 2173 2365 2261 Respoudaudum
2380 2187 2438 2241 est
2459 2177 2544 2242 euim

1584 2258 1656 2326 rohi
1681 2260 1730 2324 eri
1752 2261 1931 2325 vindictam
1953 2262 2115 2345 privatam
2137 2280 2199 2325 seu
2226 2282 2294 2327 non
2311 2263 2503 2327 ordinatura
2523 2283 2545 2328 a

1593 2367 1647 2426 eo,
1668 2347 1880 2412 severisstne
1898 2366 1979 2411 vero
1992 2349 2138 2431 praecipi
2161 2358 2194 2412 et
2215 2347 2334 2413 muniri
2356 2348 2546 2414 ordinatam

1557 2453 1579 2497 a
1601 2431 1688 2511 Deo,
1705 2430 1860 2498 videlicet
1883 2431 2028 2498 officium
2048 2431 2315 2519 Magistratuunr.

611 2604 679 2670 Sed
694 2604 866 2669 ministros
887 2601 1063 2689 Evangelii
1086 2624 1293 2688 nequequam
1320 2605 1391 2668 vult
1416 2603 1506 2666 insti·
1645 2603 1737 2670 llaec
1758 2602 1834 2689 ipsa
1856 2604 2022 2669 distinctio
2044 2601 2221 2670 utilissima
2242 2607 2295 2669 est
2315 2605 2480 2690 imperiis,
2512 2616 2547 2671 et

528 2702 623 2756 tuere
644 2708 754 2755 novos
779 2686 903 2768 cultus,
932 2701 965 2754 et
994 2690 1124 2774 siquid
1148 2691 1225 2752 beni
1251 2689 1375 2753 ordinis
1403 2709 1507 2753 eausa
1559 2691 1704 2755 ostendit
1735 2690 1958 2777 praesentiam
1992 2688 2058 2754 Dei
2089 2690 2124 2757 ‘nr
2158 2688 2337 2756 dilectione
2369 2693 2547 2758 societatis

528 2776 721 2854 instituitur,
738 2786 775 2840 ut
796 2777 903 2840 series
924 2776 1097 2853 festorum,
1120 2772 1191 2839 vult
1209 2795 1250 2839 ea
1270 2772 1411 2861 intelligi
1433 2776 1507 2839 sine
1557 2774 1732 2842 humanae.
1794 2776 1887 2841 llaec
1909 2775 1980 2842 tota
2001 2777 2154 2841 doctrina
2174 2778 2352 2864 perspicue
2373 2778 2409 2842 in
2427 2775 2548 2844 Eccle-

528 2862 685 2947 opinione
717 2858 827 2926 cultus
860 2872 894 2925 et
921 2862 1144 2926 necessitatis.
1196 2859 1291 2926 Hauc
1319 2858 1506 2926 libertatern
1557 2864 1616 2929 siis
1638 2861 1763 2928 nostris
1786 2860 1950 2947 explicata
1972 2873 2024 2927 est
2040 2859 2107 2926 Dei
2124 2861 2299 2942 beneficio,
2320 2861 2548 2930 etrelntaudu

514 2947 562 3030 ‚in
583 2944 770 3034 Evangelio
792 2947 956 3013 sancitam
977 2945 1070 3013 nulla
1090 2946 1233 3012 humana
1254 2948 1415 3012 autoritas
1436 2968 1506 3016 mu·
1557 2962 1636 3014 sunt
1669 2946 1883 3014 deliramenta
1913 2946 2156 3018 Monachomrn
2178 2958 2211 3013 st
2232 2949 2352 3014 Auaha
2378 2952 2548 3032 tistumm,

526 3042 599 3101 ture
619 3043 742 3121 petest.
786 3031 879 3099 llaec
900 3036 989 3100 scire
1010 3052 1151 3099 neeesse
1173 3043 1236 3098 est.
1558 3036 1765 3122 adquorum
1786 3046 1981 3122 argumenta
2002 3035 2131 3100 erudite
2153 3033 2342 3121 responden
2449 3046 2515 3104 est.

1618 3178 1733 3262 Deus
1764 3178 1881 3260 dicit:
1913 3177 2017 3262 Mihi
2046 3178 2271 3263 vindictam
2300 3190 2346 3262 et
2365 3207 2450 3293 ego
2480 3210 2547 3266 re·

736 3358 800 3427 nu
821 3358 990 3436 aurare
1014 3356 1291 3425 rauranum.
1678 3299 1866 3382 tribuam.
1982 3419 1991 3438 ,
2442 3422 2451 3439 ,
2515 3423 2524 3441 ,

1619 3418 1728 3531 Ergo
1764 3448 1841 3505 nec
1879 3418 2142 3531 Magistratus
2178 3432 2371 3504 exerceat
2407 3422 2547 3508 mudr-

864 3589 961 3673 Non
990 3588 1160 3671 occides
1679 3550 1798 3623 ctam·
1853 3645 1855 3650 -

1646 3734 1863 3823 Respondeat
1895 3737 1993 3825 Nego
2015 3741 2300 3825 consequentiam,
2330 3742 2410 3828 quia
2432 3743 2468 3809 iu
2488 3763 2545 3810 au·

615 3819 702 3887 'fota
723 3820 809 3887 haee
835 3842 915 3907 pers
937 3818 1104 3907 Decalogi
1132 3819 1335 3885 consituens
1361 3815 1509 3906 politiam
1560 3824 1736 3890 recedente
1758 3822 2047 3909 comprehenditur
2069 3822 2214 3893 officium
2223 3826 2460 3916 Magistratus,
2481 3849 2544 3916 ego

528 3908 564 3974 in
585 3918 722 3974 externa
741 3905 980 3993 gubernatiorle
1001 3905 1210 3973 manifestem
1239 3905 1341 3972 habet
1362 3906 1509 3971 necessi·
1560 3912 1740 3976 retribuam
1762 3908 1817 3976 vel
1839 3932 1899 3996 par
1920 3932 1974 3978 me
1995 3912 2191 3993 immediate,
2212 3927 2249 3979 ut
2271 3935 2348 3980 curn
2368 3911 2468 3982 Deus
2490 3917 2544 3982 de·

528 4002 641 4062 tatem
669 3992 711 4059 Et
733 3994 789 4059 hic
809 3996 883 4080 ipse
903 3991 1059 4078 politicus
1082 3996 1165 4059 ordo
1187 3993 1395 4058 manifestum
1418 3995 1509 4058 testi·
1560 3992 1609 4061 let
1640 3995 1863 4082 Pharaonem,
1895 3997 2087 4076 Sodomam,
2119 3998 2177 4065 vel
2197 4001 2353 4082 mediate,
2384 4013 2427 4068 ut
2448 4001 2542 4071 Deus

526 4081 673 4148 monium
695 4094 757 4162 est,
813 4081 880 4146 uod
912 4080 956 4146 sit
977 4078 1091 4159 Deus,
1125 4089 1157 4145 et
1178 4082 1267 4165 quod
1290 4081 1335 4144 sit
1355 4080 1455 4144 iudex
1475 4087 1510 4144 et
1560 4084 1655 4167 punit
1677 4079 1851 4149 Catilinam
1872 4104 1932 4170 per
1949 4081 2127 4151 Consules.

397 4219 403 4234 .
527 4168 670 4247 vindex,
700 4169 778 4251 quia
835 4186 895 4231 eus
916 4166 1088 4232 manifeste
1113 4177 1167 4232 est
1187 4176 1370 4251 exequutor
1392 4163 1509 4231 harum

526 4249 652 4340 legum,
686 4251 814 4318 etiarnsi
845 4252 1062 4339 Magistratus
1095 4274 1164 4318 non
1195 4251 1322 4318 faciunt
1350 4247 1509 4330 officium,
1594 4253 1604 4274 ⁰

528 4350 585 4405 sut
604 4359 674 4404 nou
700 4349 843 4425 possunt
869 4335 983 4404 iecere
1011 4340 1103 4405 iuxta
1130 4339 1269 4404 dictumr
1303 4337 1419 4402 Omnis
1453 4337 1509 4423 qui

527 4425 695 4510 acceperit
716 4423 885 4531 gladium,
905 4422 1016 4529 gladio
1043 4425 1172 4531 peribit:
1194 4424 1295 4530 ,ldeo
1323 4434 1357 4489 et
1376 4421 1509 4530 Ethnici
1622 4437 1626 4443 ·
1788 4424 1852 4492 DE
1872 4425 2017 4494 sexto
2039 4427 2313 4497 Palmum

528 4510 681 4576 dixerunt
702 4512 792 4577 hunc
814 4512 962 4578 ordinem
982 4512 1126 4577 iustitiae
1139 4511 1283 4577 drauum
1305 4530 1395 4591 esse,
1415 4520 1452 4576 ut
1475 4530 1509 4575 m

527 4599 682 4664 versibus
703 4596 917 4683 Empedoclis
939 4595 1072 4665 dicitur:
1838 4639 1934 4723 Non
1968 4642 2257 4727 moechaberis·

568 4748 649 4816 ἀλλὰ
670 4723 779 4835 ripis
800 4753 923 4839 πρῶτον
939 4752 1066 4835 νόμιμον
1088 4751 1139 4817 iad
1160 4750 1186 4816 r'
1207 4749 1419 4838 adpopeio‘vaoc
1442 4807 1446 4816 .

653 4839 780 4925 ⁶5³⁶&
802 4837 928 4920 'lm‘fli
949 4848 1065 4904 '‘¹⁰³⁰“
1081 4843 1132 4902 ἀ)
1153 4836 1278 4904 ‘ilum
1300 4836 1402 4920 “¹375‘'
1646 4869 1772 4960 Legem
1806 4883 1840 4937 et
1871 4874 2012 4940 virtutes
2044 4874 2115 4941 vult
2147 4876 2242 4944 Deus
2263 4876 2371 4943 iutell'
2399 4882 2421 4961 ¹,
2452 4891 2491 4948 ut
2507 4890 2536 4946 et

1562 4957 1720 5036 sciamus,
1743 4955 1850 5043 qualis
1872 4959 1945 5045 ipse
1957 4963 2012 5042 sit,
2036 4974 2069 5027 et
2090 4962 2351 5031 ialnvocatione
2397 4970 2536 5034 iscerna·

613 5040 946 5130 Compreheudantur
966 5055 1077 5111 autem
1099 5044 1133 5109 in
1153 5041 1393 5130 hacDecalogi
1414 5053 1509 5127 parte
1560 5063 1635 5110 mus
1659 5064 1733 5108 eum
1755 5065 1776 5108 a
1797 5041 1893 5112 malis
1915 5049 2055 5114 naturis.
2076 5047 2171 5115 Facit
2192 5060 2300 5116 autem
2322 5048 2457 5119 illustre
2476 5055 2536 5122 dis·

524 5129 625 5197 etiarn
648 5127 738 5196 dicta
749 5131 793 5195 de
802 5129 1058 5219 Magistratuum
1080 5130 1207 5213 officio,
1225 5151 1311 5217 quos
1332 5129 1427 5195 Deras
1439 5124 1511 5196 vult
1562 5132 1705 5208 arinren,
1738 5128 1898 5211 castitas,
1933 5154 2032 5218 quam
2066 5147 2222 5219 quantum
2250 5134 2332 5204 uelit
2354 5138 2463 5223 Deus,
2484 5139 2537 5205 da·

525 5228 723 5284 executores
745 5237 826 5283 esse
847 5238 1040 5302 poenarum.
1106 5218 1169 5293 Qui
1199 5240 1274 5286 eum
1295 5238 1362 5284 uon
1385 5215 1511 5281 iaciunt
1562 5214 1690 5302 pliciter
1710 5214 1848 5303 intelligi
1869 5231 1992 5302 potest,
2015 5232 2049 5285 et
2071 5224 2148 5308 quia
2167 5224 2241 5307 ipse
2259 5213 2466 5292 horribiliter
2484 5248 2537 5311 pu·

525 5299 687 5383 officium,
710 5303 806 5370 Deus
828 5313 940 5369 maten
986 5324 1090 5369 aerias
1113 5307 1305 5390 exequitur,
1338 5313 1372 5369 et
1394 5311 1510 5368 servat
1561 5305 1609 5367 nit
1630 5301 1846 5369 confusiones
1879 5303 2060 5387 libidinum,
2093 5311 2225 5393 etquis
2247 5307 2385 5387 Diaboli
2406 5311 2537 5380 morsu·

525 5389 695 5476 regulamt
715 5387 832 5455 Omnis
855 5390 913 5476 qui
936 5327 1083 5476 gliarlium
1104 5391 1284 5476 acceperit,
1324 5388 1413 5455 ladio
1436 5407 1510 5474 per·
1562 5400 1675 5456 rentcr
1696 5388 1870 5474 impellunt
1886 5391 2057 5473 homines,
2091 5406 2128 5459 ut
2142 5396 2241 5474 ,varie
2262 5400 2537 5476 contaminentur,

525 5474 597 5541 ibit.
651 5477 750 5544 ltemt
779 5476 896 5542 Omnis
919 5478 1043 5557 anima,
1064 5497 1150 5562 quae
1171 5478 1288 5544 iecerit
1352 5479 1510 5543 sahemi-
1562 5478 1652 5562 quod
1673 5473 1810 5556 faciunt,
1831 5499 1898 5544 non
1922 5480 1999 5565 quia
2021 5478 2178 5566 voluptas
2200 5479 2317 5548 similis
2336 5486 2461 5552 sitini
2501 5487 2538 5566 is,

524 5564 690 5646 mom,
710 5563 946 5632 eradicabitur.
1083 5601 1086 5608 ·
1555 5573 1599 5630 -ut
1618 5563 1653 5629 iu
1674 5561 1802 5630 carnali
1822 5575 1952 5646 natura,
1970 5566 2032 5631 sed
2054 5569 2132 5633 odio
2153 5567 2231 5652 Dei,
2246 5580 2285 5636 ut
2302 5573 2417 5660 magis
2488 5595 2540 5641 eu·
