5892 6709
486 614 551 680 est
1119 611 1232 679 run.
1255 610 1358 677 nau.
1381 610 1571 678 semera
1593 610 1871 678 noandum.
2003 567 2005 572 ’
2438 609 2508 675 osa

487 821 533 867 arr
555 801 614 865 tibi
637 801 714 865 data
736 802 781 865 sit
801 802 966 865 remissio.
996 799 1089 867 llaec
1112 801 1302 887 imaginatio
1326 819 1467 883 prorsus
1520 797 1608 879 Deo,
1631 812 1663 864 et
1684 797 1805 865 fatetur
1827 820 1906 865 esse
1927 800 2047 863 iustam
2065 800 2147 862 iram
2169 798 2251 878 Dei,
2280 812 2313 862 et
2341 801 2426 883 petit
2447 821 2506 865 ve·

489 900 543 953 est
563 885 715 953 Ethuieu.
1522 887 1621 962 niam,
1645 897 1678 950 et
1700 908 1774 950 cum
1798 885 1864 949 lide
1886 906 2004 950 revera
2015 886 2150 968 incipiat
2162 886 2376 969 acquiescere
2398 887 2432 950 iu
2451 885 2508 950 Fi·

1174 1021 1176 1026 .
1237 1032 1240 1040 ,
1521 967 1568 1033 lio
1591 969 1666 1048 Dei,
1691 982 1784 1035 certo
1807 974 1927 1056 accipit
1949 970 2178 1035 remissionem
2202 979 2428 1055 peccatorum,
2451 970 2507 1037 Ac

577 1059 649 1122 Nus
683 1070 798 1121 contra
831 1059 884 1121 bis
918 1058 1087 1121 erroribus
1122 1059 1319 1140 oponimus
1355 1078 1468 1120 vocem
1523 1057 1691 1120 discamus
1712 1054 1799 1120 bane
1820 1078 1898 1121 esse
1920 1054 2124 1121 voluntatem
2145 1055 2230 1134 Dei,
2252 1068 2285 1120 ut
2310 1058 2507 1141 acquiesca-

489 1144 681 1228 Evangelii,
716 1159 749 1207 et
777 1145 916 1209 dicimus
946 1155 1101 1225 oportere
1158 1144 1266 1225 iquam
1289 1162 1368 1206 esse
1391 1163 1470 1206 con·
1524 1163 1596 1204 mus
1619 1143 1652 1205 in
1674 1143 1914 1225 promissione,
1937 1154 1970 1206 et
1992 1155 2176 1206 statuamus
2210 1162 2273 1205 nos
2302 1144 2353 1206 sic
2384 1143 2505 1227 recipi,

478 1229 668 1306 'tritionera
686 1230 720 1291 id
742 1239 804 1305 est,
827 1249 929 1293 veros
952 1249 1109 1311 pavores,
1132 1240 1165 1290 et
1187 1224 1320 1290 dolores
1343 1230 1470 1292 intuen·
1522 1239 1556 1291 et
1578 1228 1695 1290 donari
1718 1229 1947 1292 retrrissionem
1969 1239 2196 1312 peccatorum,
2228 1228 2327 1312 idque
2355 1230 2425 1313 agit
2447 1231 2508 1292 mi·

393 1391 395 1396 Ι
491 1329 544 1380 tes
566 1317 648 1379 irum
681 1311 757 1391 Dei,
790 1315 846 1398 qui
881 1315 913 1377 iu
942 1311 1017 1377 aliis
1039 1314 1166 1398 magis,
1198 1314 1230 1376 in
1258 1310 1334 1376 aliis
1362 1314 1470 1377 miuus
1522 1314 1644 1389 nister,
1664 1313 1708 1375 =in
1737 1310 1944 1377 absolvendo
1973 1311 2116 1397 applicat
2143 1311 2283 1398 singulis
2311 1316 2508 1397 promissio·

491 1421 588 1465 acres
610 1415 706 1477 sunt,
729 1399 790 1462 sed
813 1421 878 1462 nou
902 1401 1023 1481 pendet
1045 1420 1086 1462 ex
1108 1398 1224 1462 borum
1247 1400 1471 1483 nragnitudine
1521 1417 1606 1461 nom.

489 1487 661 1559 remissio,
693 1506 805 1549 verum
836 1496 965 1569 oportet
987 1485 1149 1548 accedere
1171 1483 1285 1560 briem,
1315 1505 1381 1568 qua
1410 1484 1469 1548 tibi
1547 1538 1548 1542 ,

489 1573 555 1656 ipsi
585 1572 703 1634 credas
732 1572 852 1634 remitti
875 1572 979 1655 gratis
1006 1583 1142 1655 propter
1165 1571 1397 1646 irradiatorem,
1415 1569 1470 1633 de
1608 1565 1714 1631 Simul
1743 1568 1838 1631 etiam
1863 1589 1937 1632 cum
1967 1570 1998 1633 in
2033 1567 2089 1634 tali
2113 1571 2310 1634 contritione
2339 1569 2443 1635 bomo
2465 1594 2507 1637 se

435 1671 446 1682 ·“
490 1658 555 1722 hac
577 1656 643 1720 fide
666 1658 787 1721 dictum
811 1668 879 1720 est:
914 1656 1082 1720 lustilioati
1105 1656 1188 1732 lide,
1244 1675 1337 1719 acem
1370 1653 1471 1717 babe-
1522 1655 1654 1719 subiicit
1676 1651 1770 1732 Deo,
1803 1664 1835 1716 et
1867 1653 1933 1718 fide
1965 1675 2040 1718 eura
2068 1657 2222 1732 invocat,
2256 1657 2426 1740 etincipit
2447 1680 2508 1722 ae·

489 1765 563 1808 mus
586 1743 675 1826 apud
699 1742 825 1820 Deum,
857 1750 889 1804 et
912 1744 940 1803 si
962 1738 1047 1806 baec
1070 1740 1172 1817 fides,
1201 1677 1242 1805 el
1257 1740 1377 1803 fiducia
1400 1737 1470 1803 lilii
1522 1740 1699 1823 quiescere
1720 1740 1753 1803 in
1776 1740 1972 1806 mediatore:
1997 1741 2095 1804 datur
2117 1762 2234 1806 revera
2257 1743 2396 1826 Spiritus
2426 1763 2508 1807 san-

490 1827 555 1893 Dei
577 1849 644 1891 nun
661 1827 866 1904 accenditur,
887 1848 982 1890 nuens
1006 1848 1071 1890 nou
1095 1829 1238 1891 intuetur
1259 1824 1376 1890 Ftttuu
1395 1825 1471 1904 Dei,
1522 1837 1609 1904 ctus,
1632 1838 1664 1888 et
1685 1822 1862 1890 inchoatur
1877 1847 1965 1892 nova
1984 1827 2184 1904 obedientia,
2204 1828 2237 1890 id
2260 1841 2325 1904 est,
2343 1826 2507 1894 voluntas

460 1926 558 1979 ¹non
583 1914 674 1979 ducit
685 1913 946 1995 'propitiatorem
974 1933 1062 1976 esse.
1106 1911 1259 1975 Necesse
1287 1923 1469 1975 astantem
1522 1911 1587 1974 iam
1609 1910 1708 1974 babet
1738 1912 1860 1975 bouum
1884 1913 2106 1997 propositum,
2139 1915 2253 1998 agnita
2274 1914 2508 1979 misericordia

490 2002 642 2083 teipsum
665 2008 853 2085 agnoscere
865 1996 982 2062 Filium
993 1991 1069 2073 Dei,
1087 2010 1121 2061 et
1141 1996 1231 2060 bunc
1252 1997 1281 2060 ei
1304 1998 1471 2082 proprium
1522 1996 1586 2060 Dei
1599 1998 1712 2078 incipit
1734 2018 1807 2060 eum
1831 1995 1986 2082 diligere,
2008 2010 2042 2062 et
2063 2000 2232 2077 iuvocare,
2253 2010 2285 2063 et
2307 2021 2375 2064 uon
2400 1998 2501 2088 sugit,

489 2084 653 2151 honorem
688 2085 855 2163 tribuere,
888 2096 924 2147 ut
956 2084 1014 2148 tibi
1036 2084 1294 2167 propitiatorem,
1317 2096 1350 2146 et
1371 2084 1470 2147 inter·
1524 2099 1559 2146 ut
1576 2080 1706 2167 fugiunt
1729 2079 1823 2161 Cain,
1846 2080 1928 2147 Saul
1949 2096 1981 2147 et
2003 2080 2139 2148 similes.

492 2190 681 2248 cessorem,
715 2180 747 2234 et
782 2191 943 2234 summum
977 2170 1186 2234 sacerdotem
1220 2189 1297 2232 osse
1328 2181 1469 2233 statuas.

491 2255 589 2321 llune
616 2252 778 2319 honorem
801 2276 867 2318 non
891 2256 920 2318 ei
942 2257 1088 2318 tribuunt
1112 2253 1252 2331 diaboli,
1282 2255 1338 2339 qui
1371 2255 1470 2318 etiam
1608 2249 1697 2331 Dixi,
1719 2253 1885 2338 quomodo
1907 2252 1965 2318 bat
1986 2256 2175 2334 conversio,
2197 2252 2338 2334 scilieet,
2361 2276 2509 2321 concur·

490 2355 625 2416 norunt„
635 2338 820 2419 articulum,
843 2340 1069 2405 remissionem
1082 2354 1297 2424 peccatorum
1317 2338 1471 2405 videlicet
1523 2338 1671 2403 rentibus
1704 2336 1755 2402 bis
1787 2341 2030 2405 mutationibus.
2074 2341 2112 2404 ln
2143 2342 2276 2405 bomine
2304 2343 2445 2425 primum
2470 2342 2510 2406 lit

490 2428 609 2491 donari
631 2423 718 2505 aliis,
740 2447 806 2490 non
829 2427 903 2490 sibi.
949 2424 1064 2510 ltaque
1093 2427 1201 2489 donec
1223 2424 1323 2490 homo
1346 2435 1471 2489 tautum
1524 2425 1700 2502 contritio,
1732 2446 1807 2490 cum
1841 2426 2043 2511 cogitatione
2074 2428 2144 2491 irae
2175 2425 2240 2491 Dei
2273 2439 2510 2512 expavescunt

489 2512 577 2578 hanc
600 2509 789 2597 generalem
812 2513 1009 2577 sententiam
1033 2513 1156 2589 credit,
1179 2509 1253 2575 aliis
1265 2513 1384 2576 remitti
1402 2532 1470 2575 non
1523 2509 1639 2587 corda,
1671 2522 1705 2573 et
1726 2531 1807 2575 vero
1831 2510 1948 2576 dolore
1970 2510 2161 2577 alficiuutur
2192 2526 2329 2596 propter
2351 2527 2508 2595 peccata.

489 2601 566 2677 sibi,
588 2597 733 2664 nondum
758 2599 1005 2662 tribuit'vertrm
1028 2598 1189 2662 honorem
1211 2594 1295 2661 Filio
1313 2596 1390 2677 Dei,
1407 2617 1471 2661 nec
1523 2594 1652 2659 Deinde
1673 2594 1711 2659 fit
1732 2595 1930 2675 consolatio,
1952 2619 2018 2682 qua
2040 2597 2105 2662 lide
2120 2598 2281 2683 accipitur
2298 2600 2453 2663 remissio
2473 2611 2509 2663 et
2572 2651 2579 2666 .

489 2687 553 2749 sibi
574 2680 722 2770 applicat
740 2684 1006 2769 promissionem.
1337 2745 1344 2754 ,
1524 2682 1627 2745 corda
1647 2681 1805 2770 incipiunt
1827 2684 2048 2769 acquiescere,
2067 2686 2098 2749 in
2121 2683 2197 2747 Deo
2219 2685 2510 2768 propter-media-

1522 2780 1646 2844 torem,
1679 2778 1712 2831 et
1745 2789 1862 2833 rursus
1889 2768 2048 2834 inchoant
2075 2768 2306 2847 obedientiam,
2340 2783 2373 2835 et
2408 2792 2510 2856 spem

577 2855 624 2918 lia
651 2874 693 2918 ue
715 2853 828 2917 luceat
849 2854 881 2917 in
904 2851 1059 2919 Ecclesia
1091 2855 1267 2920 discrimen
1299 2851 1404 2940 legis,
1437 2866 1471 2919 et
1522 2855 1610 2918 vitae
1643 2868 1807 2919 aeternae.
1852 2854 1944 2930 llaec
1973 2856 2020 2919 ita
2040 2855 2131 2933 lieri,
2163 2856 2338 2921 manifeste
2358 2867 2511 2922 testatur

488 2875 676 3026 Evangelii,
696 2952 729 3004 et
746 2940 853 3004 sciant
876 2960 992 3006 omues
1016 2943 1183 3025 propriam
1206 2960 1283 3004 esse
1294 2937 1468 3089 Evangelii
1521 2940 1724 3023 experientia
1746 2941 1889 3004 omnium
1907 2942 2035 3025 piorum
2057 2943 2090 3006 in
2102 2939 2267 3021 Ecclesia,
2290 2963 2435 3026 quorum
2457 2953 2510 3007 te·

511 3027 762 3104 romissionetn,
804 3045 890 3110 quae
924 3028 1068 3091 ostendit
1106 3028 1318 3090 mediatorem
1350 3026 1388 3091 Fi
1404 3029 1468 3090 ium
1521 3024 1710 3089 stimonium
1730 3045 1798 3090 uon
1821 3027 2097 3092 contemnendum
2120 3040 2190 3105 est,
2211 3039 2248 3091 ut
2268 3026 2380 3093 David
2404 3048 2509 3113 expa-

487 3048 571 3192 het,
606 3126 639 3176 et
667 3112 826 3197 promittit
852 3131 990 3197 propter
1023 3133 1095 3176 eum
1118 3114 1222 3197 gratis
1250 3113 1369 3176 remitti
1390 3132 1468 3197 pec·
1521 3112 1627 3176 vescit
1649 3110 1800 3194 primunt,
1823 3113 1990 3197 inquiens:
2014 3111 2158 3177 Peccavi
2179 3110 2336 3178 Domino.
2370 3111 2509 3178 Deinde

488 3211 577 3276 cata,
600 3200 690 3263 etin
713 3197 800 3261 banc
822 3199 1072 3280 promissionem
1101 3197 1323 3262 universalem
1345 3194 1468 3283 singuli
1521 3197 1656 3282 erigitur
1680 3194 1924 3276 consolatione,
1947 3200 2089 3264 eredens
2100 3197 2319 3264 absolutioni:
2342 3198 2509 3266 Nonmo·

487 3305 550 3350 nos
579 3286 674 3368 ipsos
701 3284 733 3348 in
758 3284 846 3349 veris
872 3282 1044 3348 doloribus
1066 3281 1293 3362 includamuS,
1328 3296 1360 3347 et
1383 3285 1467 3348 seia·
1520 3284 1628 3362 rieris,
1650 3280 1815 3347 Dominus
1838 3282 1975 3349 abstulit
1998 3283 2171 3367 peccatum
2199 3291 2302 3362 tuum,
2323 3296 2357 3348 et
2378 3283 2509 3349 Esaiae

486 3370 775 3435 musmandatum
796 3367 861 3433 Dei
882 3390 977 3449 esse,
1000 3380 1036 3434 ut
1059 3366 1175 3434 Filium
1197 3368 1263 3434 Dei
1285 3370 1468 3447 audiamus,
1520 3366 1572 3432 38.
1617 3366 1690 3432 Rex
1716 3367 1881 3434 Ezechias
1910 3371 2069 3435 describit
2095 3389 2256 3457 pavores:
2290 3369 2396 3444 Quasi
2430 3370 2508 3436 Leo

488 3469 523 3520 et
545 3456 576 3519 ei
597 3458 780 3520 tribuamus
814 3455 975 3520 bonorem
996 3456 1238 3541 propitiatoris,
1274 3467 1308 3520 et
1329 3459 1467 3540 promis·
1521 3455 1678 3519 contrivit
1699 3457 1807 3520 omnia
1820 3476 1900 3520 ossa
1915 3477 1989 3521 mea
2011 3469 2072 3521 ete.
2118 3453 2242 3521 Postea
2253 3468 2287 3520 et
2299 3454 2510 3521 consolatio·

487 3543 616 3606 sionem
633 3538 880 3623 amplectamur.
955 3586 962 3599 .
1520 3559 1611 3603 nem:
1646 3539 1820 3605 Proiecisti
1849 3554 1926 3626 post
1955 3553 2084 3627 tergum
2114 3543 2223 3606 omnia
2251 3553 2392 3627 peccata
2415 3562 2509 3622 mea,

1520 3636 1553 3689 et
1574 3626 1700 3710 scripta
1729 3627 1856 3711 piorum
1885 3639 1921 3692 ut
1941 3627 2118 3714 Augustini
2147 3641 2181 3692 et
2205 3627 2398 3692 Bernhardi
2422 3648 2509 3693 con·
2572 3688 2576 3693 .

575 3709 657 3777 Cum
680 3711 781 3796 igitur
798 3709 864 3779 boe
886 3712 985 3775 modo
1007 3721 1232 3777 sustentamus
1255 3734 1319 3777 nos
1343 3714 1467 3798 cogita·
1520 3722 1652 3796 gruunt.
1707 3711 1826 3796 Longa
1865 3725 1918 3777 est
1955 3716 2073 3778 concio
2105 3711 2293 3778 Bernhardi
2332 3714 2519 3795 docentis,¹

487 3800 577 3863 tione
599 3796 850 3882 promissionis,
880 3807 914 3860 et
935 3795 1007 3860 Filii
1029 3795 1115 3862 Dei:
1148 3797 1343 3861 accenditur
1370 3799 1466 3877 fides,
1519 3797 1675 3881 coniungi
1708 3810 1863 3881 oportere
1897 3801 2129 3864 contritionem
2163 3813 2193 3865 et
2224 3799 2331 3863 fidem.
2401 3798 2510 3865 Dicat

486 3897 521 3949 et
544 3902 669 3948 causae
690 3895 928 3948 concurrentes
945 3895 1035 3961 sunt,
1057 3904 1124 3947 vox
1142 3881 1315 3968 Evangelii
1339 3895 1372 3947 et
1394 3882 1466 3969 Spi-
1518 3884 1659 3968 quisque
1681 3883 1714 3946 in
1736 3903 1862 3967 pavore
1884 3904 1963 3948 suo:
1985 3887 2105 3951 vadam
2117 3886 2158 3950 ad
2171 3898 2285 3971 portas
2302 3882 2507 3965 inseror-um,
2603 3949 2608 3962 ,

486 3971 571 4036 ritus
600 3980 756 4046 sauctus,
788 3981 820 4031 et
847 3990 942 4054 mens
975 3970 1128 4056 cogitans
1157 3971 1411 4053 promissionem
1434 3983 1467 4034 et
1516 3979 1554 4033 ut
1576 3970 1639 4032 iarn
1663 3989 1728 4032 non
1751 3969 1815 4032 nisi
1847 3971 1879 4033 in
1902 3968 1977 4035 sola
1999 3971 2063 4036 Dei
2096 3972 2321 4036 misericordia
2354 3973 2509 4054 respire-

439 4104 441 4109 -
486 4053 654 4132 voluntas,
677 4076 718 4119 ac
740 4075 801 4118 cor
821 4075 889 4118 non
911 4076 1114 4141 repugnans,
1133 4057 1193 4120 sed
1211 4068 1373 4139 expetens
1387 4077 1466 4122 eon·
1516 4075 1602 4120 mus·
1646 4053 1739 4120 llaec
1766 4065 1818 4119 est
1845 4077 1925 4121 vera
1949 4057 2072 4122 fiducia
2100 4078 2186 4142 quae
2208 4057 2250 4121 ad
2272 4075 2423 4141 pavores
2446 4079 2509 4123 ae·

486 4140 683 4207 solationem
707 4140 862 4218 divinam,
886 4152 919 4205 et
937 4141 1127 4206 assentiens
1145 4143 1369 4227 promissioni,
1382 4155 1466 4208 ¹cum
1519 4142 1625 4219 cedit,
1643 4143 1695 4204 cui
1717 4142 1945 4207 misericordia
1968 4165 2036 4208 non
2059 4144 2253 4229 denegatur.

402 4301 404 4306 ,
486 4229 635 4313 quidem.
650 4240 679 4290 et
704 4248 724 4289 a
746 4224 870 4310 Spiritu
893 4240 1011 4291 saneto
1033 4229 1210 4292 adiuvatur
1242 4241 1276 4292 et
1303 4229 1390 4292 inter
1411 4229 1466 4291 tti-
2156 4308 2159 4312 Ι

486 4327 558 4378 stes
580 4314 722 4399 gemitus
744 4312 882 4398 erigitur
899 4326 1083 4398 conspectu
1104 4310 1177 4377 Filii
1188 4312 1263 4393 Dei,
1281 4333 1376 4398 quem
1399 4324 1466 4378 sta·
1604 4310 1662 4376 Sic
1684 4324 1719 4376 et
1739 4310 1939 4397 Prophetae,
1974 4326 2008 4378 et
2035 4310 2190 4397 Apostoli
2212 4313 2254 4377 de
2277 4315 2509 4381 conversione

486 4400 557 4477 tuit,
580 4419 647 4463 uon
669 4396 794 4464 frustra
815 4394 939 4462 sactum
962 4413 1041 4463 esse
1063 4400 1239 4479 victimam,
1261 4411 1294 4463 et
1315 4396 1380 4463 bae
1401 4397 1467 4462 fide
1519 4398 1769 4475 concionantur,
1801 4414 1837 4462 ut
1858 4397 1983 4466 Paulus
2005 4400 2037 4463 in
2060 4397 2124 4464 hac
2146 4400 2221 4483 ipsa
2244 4395 2401 4485 Epistola.
2420 4421 2508 4465 con·

487 4485 599 4551 credis
624 4505 689 4548 non
712 4496 836 4549 tantum
859 4480 945 4564 aliis,
978 4486 1040 4549 sed
1063 4485 1224 4569 tibiipsi,
1257 4496 1394 4570 propter
1413 4483 1467 4549 Fi·
1518 4485 1623 4571 iungit
1644 4482 1929 4550 mortificationem
1964 4496 1996 4549 et
2018 4484 2286 4562 vivificationem,
2318 4483 2373 4548 Ac
2397 4484 2507 4551 valde

485 4568 566 4636 lium
588 4570 653 4636 Dei
675 4573 779 4656 gratis
803 4572 933 4635 remitti.
1056 4607 1059 4618 ·
1505 4572 1656 4656 prodest
1677 4572 1803 4635 moueri
1826 4567 1983 4648 inflores,
2001 4570 2085 4635 baec
2108 4569 2274 4636 vocabula
2295 4572 2433 4656 proprie
2457 4572 2506 4637 de

1518 4678 1600 4722 vera
1632 4658 1854 4723 conversione
1886 4660 1930 4723 ad
1961 4656 2069 4723 Deum
2092 4654 2303 4743 intelligenda
2327 4676 2431 4735 esse,
2468 4669 2507 4722 et

577 4738 660 4807 Cum
689 4740 774 4809 haec
802 4742 886 4807 fides
909 4763 1055 4808 aceensa
1078 4753 1147 4822 est,
1169 4742 1233 4807 iam
1256 4757 1289 4808 et
1312 4743 1465 4808 contritio
1518 4742 1730 4829 reiiejendam
1765 4762 1843 4808 esse
1876 4745 2178 4827 interpretationem
2201 4764 2326 4822 eorum,
2350 4742 2419 4827 qui
2442 4743 2506 4809 de-

486 4828 524 4896 fit
548 4830 645 4897 timor
667 4814 796 4908 filialis,
828 4841 861 4894 et
892 4828 1091 4894 sacrificium
1114 4830 1206 4894 iuxta
1228 4826 1323 4893 thud:
1356 4828 1467 4892 Sacri·
1518 4839 1687 4892 torserunt
1709 4826 1801 4893 Pauli
1825 4830 1913 4895 dicta
1935 4831 1978 4894 ad
2000 4830 2219 4916 Hypocrisin,
2251 4829 2293 4892 ad
2315 4830 2403 4893 ritus
2426 4827 2506 4894 nto-

485 4915 598 4983 ficium
620 4913 696 4980 Deo
720 4927 862 5000 gratum,
885 4916 1022 5001 spiritus
1046 4914 1288 4982 contribulatus
1312 4927 1375 4979 ete.
1400 4912 1468 4979 Cor
1518 4914 1713 4992 nachorum,
1736 4927 1769 4980 et
1786 4916 1828 4981 ad
1851 4914 1930 4979 talia
1952 4913 2089 4999 puerilia
2112 4916 2284 4992 exercitia,
2307 4915 2377 4978 Sed
2403 4913 2508 4981 Pauli

484 5004 642 5069 irascitur
663 5012 815 5087 peccato,
834 4999 923 5086 dolet
946 4999 1054 5067 Deum
1076 5001 1238 5067 offensum
1261 5021 1353 5084 esse,
1379 5000 1466 5066 alios
1518 5002 1680 5066 sententia
1702 5001 1878 5086 perspicua
1900 5015 1952 5065 est
1974 5002 2167 5066 observanti
2195 5002 2344 5084 pondera
2378 5003 2508 5066 verbo·

484 5086 600 5154 laesos
609 5107 698 5165 esse,
709 5083 991 5154 doletEcclesiam
999 5085 1255 5173 pollutamesse,
1264 5086 1357 5152 dolet
1369 5107 1466 5152 sean-
1517 5109 1605 5152 rum:
1623 5086 1714 5152 Estis
1733 5088 1852 5152 mortui
1873 5088 2034 5171 peccatis,
2056 5099 2090 5151 et
2110 5087 2295 5152 circumcisi
2325 5086 2508 5153 eircumci-

486 5174 694 5241 dulaexitata
702 5169 1053 5258 esse‚duletSpiritum
1065 5186 1214 5239 sanctum
1228 5172 1466 5239 inmultiscon·
1517 5173 1613 5239 sione
1634 5182 1702 5238 uon
1719 5193 1818 5237 manu
1836 5170 1936 5253 fucta,
1953 5175 2106 5238 exuendo
2129 5194 2252 5259 empus
2279 5186 2509 5258 peccatorum

485 5256 1465 5343 tristatumcsse,doletatttabipoenassamiliaeetcaetetis,
1490 5295 1492 5302 ·
1518 5261 1638 5328 carnis}
1708 5265 1714 5276 '

486 5344 577 5412 dolet
596 5347 745 5432 impediti
768 5346 887 5433 poenis
907 5342 1046 5411 aliorum
1064 5348 1377 5426 invocationem,et
1400 5342 1467 5416 alia

357 5431 377 5454 ⁸·
484 5436 674 5500 necessaria
689 5430 812 5499 officia.
832 5431 986 5518 Denique
998 5430 1253 5498 innumerabiles
1267 5454 1388 5497 causae
1399 5454 1468 5496 ma·
1603 5429 1697 5496 llaec
1720 5431 1763 5496 de
1785 5429 1982 5496 contritione
2005 5429 2176 5507 dicuutur,
2207 5439 2327 5512 postea
2349 5429 2395 5496 de
2424 5431 2509 5513 fide,

484 5539 626 5609 guarum
650 5517 801 5588 dolorum
825 5530 1040 5587 concurrunt.
1067 5518 1257 5585 ltadolens
1276 5540 1315 5585 se
1333 5518 1467 5584 subiicit
1519 5527 1586 5602 qua
1607 5515 1854 5617 btconsolatio‚
1872 5516 1995 5603 inquit:
2015 5514 2121 5584 Simul
2138 5513 2329 5586 resuscitati
2343 5519 2508 5604 cstisper
