5892 6709
470 653 534 720 115
648 625 652 632 '
811 617 817 626 ’
962 599 965 606 ’
1095 655 1208 723 eun.
1230 655 1335 723 amn.
1357 655 1546 724 scamna
1567 655 1848 727 nonnanes
2417 605 2486 730 ns

467 843 629 908 Baalitico.
675 846 787 922 Quare,
810 845 861 925 qui
884 847 994 907 servati
1016 853 1099 914 sunt,
1123 848 1305 925 quominus
1328 846 1386 907 has
1408 847 1581 927 impietates
1599 845 1690 907 corde
1712 867 1770 906 suo
1794 846 2001 917 adoraverint,
2027 844 2059 906 hi
2083 856 2164 906 certe
2182 847 2284 908 divina
2306 846 2482 920 clementia,

468 951 523 1012 per
534 931 733 993 domesticum
747 932 974 1002 catechismum,
997 934 1049 1011 qui
1060 934 1164 1011 pueris
1184 953 1278 1012 purus
1296 954 1332 992 ac
1354 932 1487 1014 simplex
1508 934 1592 995 initio
1610 933 1793 1016 tradebatur.
1812 934 1923 994 servati
1943 939 2082 1014 sunt-ut
2099 930 2149 993 hic
2165 932 2384 1006 catechismus,
2402 939 2483 1016 opti·

468 1038 518 1080 mo
541 1020 615 1088 iure,
649 1019 748 1078 avita
769 1027 875 1080 nostra
893 1016 999 1096 religio
1018 1018 1167 1078 dicendus
1186 1020 1236 1081 sit.
1279 1020 1322 1082 Et
1339 1040 1428 1080 omne
1450 1040 1530 1080 nunc
1551 1019 1685 1080 studium
1708 1025 1843 1080 nostrum
1863 1021 1892 1078 in
1915 1019 1975 1078 hoc
1997 1017 2097 1079 solum
2122 1019 2304 1092 collocatur,
2328 1028 2362 1083 ut
2383 1021 2482 1083 homi·

468 1123 525 1166 nes
543 1124 597 1185 per
614 1110 785 1164 renovatam
803 1102 962 1182 Evangelii
986 1104 1149 1166 doctrinam
1172 1112 1349 1166 revocentur
1370 1105 1409 1166 ad
1428 1125 1495 1166 eam
1517 1102 1703 1185 religionem,
1727 1124 1816 1184 quam
1844 1104 1976 1165 numeres
2003 1107 2098 1167 nostri
2121 1106 2159 1166 ab
2178 1105 2329 1186 apostolis
2350 1128 2482 1189 accepe-

466 1197 547 1260 runt,
564 1196 596 1251 et
617 1191 706 1251 nobis
725 1190 804 1249 domi
827 1190 1025 1260 tradidemnt,
1047 1190 1106 1250 hoe
1128 1197 1188 1260 est,
1206 1198 1250 1263 ut,
1283 1191 1534 1270 quemadmodum
1563 1189 1711 1271 propheta
1744 1191 1803 1259 ait,
1844 1211 1896 1250 cor
1925 1190 2052 1251 filiorum
2081 1199 2271 1253 convertatur
2303 1193 2342 1254 ad
2373 1201 2482 1274 patres

467 1278 612 1357 ipsorum.
634 1274 701 1335 Nec
714 1275 797 1336 aliud
816 1283 940 1336 conatur
952 1274 1045 1336 Satan
1064 1296 1119 1356 per
1140 1278 1250 1357 impios
1270 1274 1436 1337 Pontifices
1448 1283 1479 1337 et
1495 1285 1651 1357 wannos,
1670 1276 1721 1355 qui
1733 1273 1922 1356 Euangeliou
1946 1285 2179 1357 persequuntur,
2198 1297 2288 1357 quarn
2309 1286 2344 1340 ut
2365 1299 2481 1342 rursus

466 1361 547 1424 hunc
569 1360 786 1422 catechismum
804 1364 833 1421 in
852 1360 986 1422 ecclesia
1009 1362 1161 1424 obscuret.
1206 1361 1304 1423 lilulta
1325 1364 1447 1442 quidem
1465 1362 1526 1422 alia
1546 1369 1627 1433 sunt,
1646 1381 1725 1441 quae
1746 1362 1830 1443 impii
1847 1369 2027 1442 praetexunt
2049 1365 2265 1444 persecutioni,
2287 1371 2322 1425 ut
2343 1366 2481 1445 ingenio·

467 1467 524 1509 sus
543 1448 650 1508 artifex
673 1455 723 1508 est
742 1447 847 1519 Satan,
870 1448 908 1508 ad
927 1449 1197 1527 transfigurandum
1210 1468 1246 1509 se
1258 1449 1288 1509 in
1311 1448 1452 1528 angeium
1473 1448 1564 1510 lueis.
1609 1448 1675 1508 Sed
1696 1446 1768 1508 mihi
1792 1447 1893 1520 crede,
1912 1447 1970 1508 hoc
1988 1457 2090 1529 agunt,
2113 1456 2147 1511 ut
2165 1447 2393 1522 catechismum,
2418 1451 2482 1513 hoe

466 1540 526 1605 est,
544 1532 734 1614 decalogum,
757 1533 930 1614 symbolum
955 1533 1171 1613 apostolomm,
1195 1542 1227 1596 et
1245 1535 1410 1595 orationem
1429 1534 1609 1596 dominicam
1631 1533 1773 1594 emedio
1795 1532 1912 1599 tollant.
1979 1532 2012 1595 ln
2044 1534 2196 1615 decalogo
2219 1535 2363 1596 docemur
2385 1556 2482 1616 agno·

466 1638 555 1680 scere
571 1623 740 1699 peecatum,
763 1627 794 1681 et
816 1621 1035 1699 cormptionem
1060 1628 1204 1682 nostram.
1238 1620 1281 1681 At
1298 1622 1350 1699 qui
1369 1620 1481 1681 docent
1495 1621 1601 1680 merita
1620 1619 1752 1680 humana
1769 1622 1891 1701 expiare
1913 1628 2082 1699 peccatum,
2101 1628 2133 1682 et
2152 1622 2234 1681 vires
2253 1619 2400 1683 humanas
2424 1625 2481 1684 im·

465 1703 550 1785 plere
566 1725 664 1786 posse
680 1704 781 1785 legem
804 1704 881 1774 Dei,
899 1706 931 1766 hi
949 1707 1125 1785 gravitatem
1147 1706 1266 1787 peccati
1284 1708 1456 1768 obscurant.
1502 1704 1627 1766 Tollunt
1646 1705 1737 1784 igitur
1758 1705 1957 1785 decalogum,
1982 1707 2102 1768 etiamsi
2124 1707 2219 1767 verba
2240 1708 2309 1786 ipsa
2331 1707 2482 1770 inviolata

466 1790 644 1870 relinquant
688 1789 721 1851 ln
740 1791 888 1872 Symbolo
911 1791 1118 1872 apostolomm
1140 1792 1241 1853 credis
1259 1794 1288 1852 in
1312 1789 1467 1854 Christum
1490 1812 1543 1871 pro
1561 1799 1593 1852 te
1613 1809 1741 1871 passum
1763 1798 1796 1853 et
1812 1798 1971 1863 mortuum,
1993 1800 2225 1873 propterquam
2246 1791 2481 1867 habeasiieum

465 1884 592 1957 patrem,
614 1875 776 1956 placatum,
800 1885 831 1938 et
848 1879 1047 1938 remittentem
1069 1886 1205 1958 peccata
1249 1876 1282 1938 lu
1305 1880 1438 1940 oratione
1457 1877 1606 1938 dominica
1624 1878 1747 1937 invocas
1769 1876 1880 1947 Deum,
1902 1884 2033 1957 patrem,
2052 1885 2084 1938 et
2105 1879 2186 1958 petis
2209 1898 2263 1958 per
2284 1878 2480 1941 clementiam

465 1964 562 2042 patris
584 1964 613 2022 in
634 1961 694 2022 iiiio
718 1963 881 2024 exhibitam
905 1964 1072 2024 dehitomm
1096 1965 1316 2024 remissionem.
1361 1964 1406 2025 At
1427 1966 1479 2044 qui
1498 1963 1608 2024 docent
1630 1970 1661 2024 et
1682 1970 1802 2041 urgent,
1822 1962 1903 2042 quod
1921 1970 2138 2043 persecutores
2161 1961 2321 2044 Evangelii
2349 1963 2478 2038 iaciunt,

464 2047 566 2110 Deum
585 2050 738 2109 remittere
755 2057 890 2129 peccata,
914 2070 973 2109 non
995 2057 1117 2131 propter
1139 2048 1294 2110 Christum
1319 2048 1411 2110 filium
1429 2070 1531 2121 suum,
1552 2050 1730 2128 perfidem,
1752 2047 1812 2108 sed
1833 2056 1955 2129 propter
1971 2051 2077 2111 merita
2094 2057 2262 2110 nostrorum
2281 2070 2424 2129 opemm,
2444 2050 2479 2111 hi

466 2154 523 2195 nec
544 2132 645 2194 Deum
664 2141 789 2213 patrem,
808 2156 865 2195 nec
888 2134 980 2195 filium
1003 2136 1073 2196 eius
1092 2156 1164 2216 vere
1186 2155 1353 2216 agnoscere
1365 2135 1486 2206 docent,
1509 2135 1651 2213 ideoque,
1670 2141 1814 2213 quantum
1836 2135 1865 2195 in
1889 2134 1966 2214 ipsis
1988 2141 2048 2204 est,
2071 2134 2204 2207 abolent,
2227 2134 2499 2215 iamsymbolum'

465 2218 684 2299 apostolorum,
707 2239 796 2299 quam
820 2221 985 2280 orationem
1004 2220 1192 2292 dominicam.
1238 2221 1337 2296 Quare
1360 2240 1430 2284 cum
1455 2219 1682 2280 defendissem
1704 2220 1867 2281 doctrinam
1890 2219 2061 2299 Evangelii,
2084 2241 2173 2300 quarn
2195 2219 2391 2283 DontiNUs
2415 2220 2479 2283 hoe

464 2311 599 2385 tempore
622 2304 775 2366 eeclesiae
798 2326 874 2365 suae
897 2304 1062 2367 clementer
1079 2308 1222 2382 restituit,
1258 2308 1337 2367 scito
1359 2313 1391 2367 te
1414 2305 1453 2366 ad
1473 2305 1663 2370 retinendum
1685 2304 1876 2384 decalogum,
1910 2304 2090 2387 Symbolum
2112 2306 2330 2388 apostolorum,
2359 2313 2392 2367 et
2410 2327 2478 2368 ora·

463 2391 577 2452 tionem
602 2391 792 2462 dominicam,
811 2413 865 2471 pro
887 2412 959 2452 vera
980 2393 1076 2472 patria
1096 2392 1253 2472 religione,
1272 2412 1308 2453 ac
1331 2390 1460 2453 coelesti
1479 2390 1579 2452 salute
1601 2411 1744 2471 pugnare.
1788 2389 1858 2451 Non
1870 2391 1987 2471 pudeat
2009 2398 2108 2452 autem
2128 2412 2185 2452 nos
2208 2394 2299 2465 omni,
2318 2411 2379 2471 quo
2401 2412 2477 2473 pos-

348 2533 355 2550 ,
464 2496 584 2548 sumus,
607 2477 710 2538 studio
731 2497 844 2557 pueros
866 2477 923 2539 hac
946 2477 1103 2537 catechesi
1121 2479 1248 2539 erudire.
1292 2475 1381 2538 Plato
1404 2478 1479 2537 dicit
1505 2475 1556 2540 adv
1580 2478 1633 2555 τῆς
1654 2474 1795 2550 παιδείας
1816 2475 1994 2556 ἐπιμελητῆν
2009 2497 2085 2539 esse
2102 2480 2263 2539 maximnm
2285 2497 2476 2540 summorum

464 2562 495 2622 in
518 2563 641 2623 civitate
663 2565 879 2642 magistratum.
923 2562 965 2624 Et
982 2563 1078 2624 addit:
1106 2561 1216 2636 πανιδς
1238 2561 1294 2647 yolo
1317 2560 1354 2641 ‘ll
1377 2564 1471 2646 penori
1488 2559 1505 2640 ἤ
1525 2560 1631 2647 πρώτη
1651 2561 1767 2645 βλάστη
1788 2563 1887 2635 καλῶς
1904 2560 2095 2647 ὁρμηθεῖσα,
2123 2561 2200 2650 apic
2221 2561 2329 2648 dpetq'v
2349 2566 2402 2640 τῆς
2419 2562 2475 2628 uri-

463 2649 517 2710 τοῦ
534 2647 666 2729 φύσεως,
684 2647 843 2733 aeupvocoirp
863 2654 944 2722 τέλος
961 2654 1115 2712 ἐπιθεῖναι
1141 2646 1174 2711 τὰ
1192 2649 1372 2733 πρόςφορον.
1432 2647 1565 2709 Nostrae
1595 2648 1700 2708 literae
1718 2654 1866 2708 testantur
1888 2647 2015 2727 angelos
2039 2669 2114 2709 esse
2132 2649 2280 2710 custodes
2302 2669 2475 2729 puerorum.

465 2733 556 2808 Quod
578 2734 606 2793 si
626 2732 725 2812 angeli
748 2735 884 2795 serviunt
904 2736 1018 2814 pueris,
1042 2742 1154 2812 quanto
1177 2735 1274 2813 magis
1296 2753 1354 2794 nos
1376 2734 1525 2794 debemus
1546 2735 1593 2793 eis
1612 2752 1680 2792 cum
1704 2733 1783 2792 omni
1808 2732 1970 2794 officiorum
1993 2753 2114 2813 genere,
2138 2743 2201 2796 tum
2222 2736 2385 2815 praecipue
2410 2755 2478 2796 eru·

463 2818 579 2879 ditione
601 2820 723 2897 pietatis
746 2820 870 2881 servire.
915 2819 1039 2889 Horum,
1058 2820 1164 2899 inquit,
1183 2827 1234 2880 est
1251 2838 1374 2898 regnum
1397 2817 1559 2880 coelorum.
1605 2817 1740 2879 Pertinet
1761 2818 1852 2898 igitur
1874 2822 1911 2879 ad
1934 2821 2021 2899 ipsos
2040 2819 2187 2881 coelestis
2210 2820 2355 2891 doctrina,
2378 2839 2475 2900 quam

402 2905 404 2912 '
464 2923 532 2964 cum
555 2903 604 2964 hic
626 2903 752 2965 libellus
775 2903 865 2964 docto
886 2912 918 2965 et
938 2906 990 2985 pie
1012 2904 1153 2985 explicet,
1177 2903 1358 2989 ἀμφοτέραις
1378 2909 1482 2990 χερσὶν
1510 2903 1549 2964 ab
1577 2905 1716 2965 omnibus
1737 2905 1860 2985 pietatis
1879 2905 2031 2967 studiosis
2055 2907 2271 2988 excipiendus,
2294 2912 2326 2967 et
2348 2905 2387 2966 ad
2411 2926 2476 2968 ma·

463 3007 535 3050 num
556 3009 680 3071 semper
701 2988 860 3051 habendus
883 2996 941 3053 est.
985 2988 1076 3051 Vale.
1499 3028 1502 3033 -

619 3180 647 3240 2.
668 3175 937 3238 Melanthonis
963 3176 1111 3259 praelatio
1132 3176 1210 3237 libro
1233 3193 1291 3239 suo
1314 3178 1343 3238 in
1364 3175 1508 3240 Editione
1530 3127 1765 3258 Witebergensi·
1779 3196 1806 3239 a.
1832 3179 2054 3241 loto-1543.
2083 3177 2216 3260 praefixa
2236 3185 2269 3241 et
2289 3179 2320 3239 in
2337 3195 2478 3260 sequen·

668 3265 751 3325 tibus
773 3262 867 3326 Editt.
890 3265 1029 3344 repetita.

1030 3634 1239 3720 Philippus
1273 3636 1506 3700 lilelsnthon
1534 3636 1597 3718 pio
1624 3633 1783 3698 Lectori
1809 3634 1842 3695 S.
1862 3632 1902 3699 D.

669 3822 791 3887 Utinam
824 3822 1018 3906 'l'ypographi
1052 3826 1081 3886 in
1115 3825 1289 3906 deligendis
1321 3825 1472 3896 materiis,
1507 3843 1584 3904 quas
1618 3822 1727 3894 edunt,
1762 3820 1973 3902 diligentiores
1996 3829 2119 3895 essent,
2142 3840 2179 3881 ac
2201 3841 2259 3882 non
2281 3828 2398 3883 tantum
2423 3825 2478 3885 sni
2515 3791 2518 3795 Ι

351 3910 362 3924 ‘
462 3910 643 3991 compendii,
666 3912 724 3971 sed
747 3913 836 3973 etiam
855 3912 994 3994 publicae
1016 3912 1158 3974 utilitatis
1181 3914 1326 3973 rationem
1344 3912 1499 3981 haberent,
1522 3911 1700 3990 praesertim
1724 3912 1753 3968 in
1775 3907 1905 3968 edendis
1929 3909 2051 3988 scriptis
2070 3908 2110 3969 de
2127 3907 2263 3970 doctrina
2284 3904 2476 3974 Christiana.

461 3995 573 4060 Extant
605 3995 730 4058 aliorum
754 3996 863 4071 libelli,
898 3999 949 4078 qni
973 3996 1050 4060 haec
1072 3998 1224 4060 elementa
1247 3999 1372 4080 pietatis
1395 3998 1559 4066 continent,
1595 4016 1673 4075 quae
1706 3995 1791 4055 initio
1824 3995 1930 4074 pueris
1954 4001 2165 4075 proponuntur
2186 3995 2215 4055 in
2239 3990 2418 4065 catechesi,
2443 4005 2479 4056 ut

462 4083 553 4163 vulgo
575 4090 697 4147 vocant.
742 4079 819 4143 Cum
842 4091 942 4144 autem
964 4086 1071 4164 prosit,
1092 4105 1206 4166 pueros
1230 4083 1268 4145 ad
1292 4104 1392 4153 unam,
1416 4081 1586 4162 simplicem
1609 4087 1641 4141 et
1663 4079 1794 4140 similem
1807 4079 1962 4141 doetrinae
1989 4079 2113 4140 sormam
2140 4079 2313 4150 adsuelieri,
2332 4087 2477 4159 optarem

462 4167 586 4230 exiliis
609 4168 723 4230 libellis
746 4188 816 4229 eum
838 4175 952 4230 tantum
974 4173 1089 4230 versari
1112 4174 1142 4231 in
1165 4171 1305 4232 manibus
1328 4169 1503 4239 iuventutis,
1527 4169 1578 4248 qui
1602 4173 1652 4228 est
1673 4162 1856 4245 locupletior
1878 4166 2017 4227 caeteris.
2060 4165 2151 4227 Nunc
2172 4163 2303 4228 subinde
2325 4163 2375 4224 alii
2401 4168 2476 4227 novi

462 4262 635 4325 nascuntur,
659 4275 717 4315 non
728 4254 855 4335 perinde
878 4253 1028 4314 foeliciter
1049 4258 1164 4336 scripti.
1187 4257 1275 4317 Hunc
1292 4276 1364 4316 vero
1387 4253 1535 4324 libellum,
1554 4253 1604 4332 qui
1623 4252 1682 4312 mei
1706 4251 1837 4311 nominis
1860 4251 1948 4313 titulo
1972 4251 2074 4314 editus
2105 4258 2171 4324 est,
2204 4269 2331 4333 prorsus
2355 4249 2477 4315 nollem

462 4359 538 4400 esse
556 4342 752 4420 publicatum.
785 4339 856 4401 Etsi
880 4341 959 4399 enim
982 4342 1059 4400 inter
1077 4340 1292 4403 Scholasticos
1315 4341 1463 4422 quaedam
1486 4339 1525 4400 de
1548 4337 1599 4401 his
1623 4337 1785 4398 elementis
1807 4339 1933 4418 pietatis
1957 4337 2021 4398 iere
2051 4339 2079 4397 in
2105 4337 2183 4398 hanc
2206 4338 2388 4398 sententiam
2409 4337 2476 4399 dis·

461 4427 555 4497 serui,
579 4432 678 4487 tamen
702 4446 760 4487 nec
778 4428 888 4507 scripsi
911 4426 979 4505 ipse
1001 4434 1096 4488 totum
1118 4426 1266 4498 libellum,
1290 4449 1346 4488 nec
1368 4427 1540 4506 recognovi.
1585 4423 1627 4486 Et
1645 4423 1793 4504 quaedam
1818 4424 1899 4485 dicta
1920 4430 2002 4493 sunt,
2026 4442 2105 4503 quae
2121 4429 2289 4503 congruunt
2309 4420 2348 4482 ad
2366 4421 2476 4484 iuven·
2518 4489 2522 4494 ,

409 4536 412 4542 ·
460 4517 566 4583 tutem,
590 4531 669 4591 quae
692 4513 803 4593 inpiis
826 4512 981 4574 Ecclesiis
1004 4522 1152 4586 versatur,
1176 4535 1234 4575 non
1258 4514 1335 4574 inter
1357 4514 1559 4574 adversarios.
1604 4509 1677 4571 ldeo
1696 4511 1821 4591 optarim
1844 4508 2015 4582 Brentium,
2050 4510 2101 4589 qui
2131 4517 2162 4570 et
2180 4508 2347 4570 eruditione
2368 4509 2477 4571 excel·

459 4593 497 4657 lit
517 4603 549 4657 et
567 4599 689 4677 egregia
709 4599 825 4678 pietate
846 4599 1003 4678 praeditus
1026 4606 1089 4671 est,
1123 4602 1153 4660 si
1176 4607 1274 4660 tamen
1292 4597 1366 4659 vidit
1387 4598 1445 4658 has
1463 4597 1602 4679 pagellas
1626 4603 1695 4657 ante
1718 4597 1901 4666 editionem,
1919 4595 2019 4658 limam
2043 4596 2241 4667 adhibuisse,
2271 4600 2303 4654 et
2319 4594 2476 4672 quaedam

460 4689 608 4744 mutam.
652 4680 820 4763 Postquam
843 4692 943 4745 autem
966 4684 1067 4746 editus
1090 4687 1231 4747 estsine
1254 4684 1476 4754 emendatione,
1495 4705 1562 4745 cum
1580 4683 1704 4744 abolere
1727 4687 1821 4743 totum
1844 4679 1983 4743 libellum
2002 4702 2060 4741 non
2077 4683 2207 4762 possim,
2230 4680 2301 4741 duxi
2322 4681 2474 4742 recuden-

461 4766 534 4829 dum
557 4785 643 4839 esse,
667 4775 698 4830 et
718 4788 818 4850 pauca
839 4770 987 4850 quaedam
1010 4770 1139 4832 dicenda
1150 4771 1333 4834 distinctius.
1367 4769 1474 4831 Tenue
1495 4772 1640 4852 scriptum
1664 4774 1723 4839 est,
1746 4767 1881 4848 quodsi
1904 4769 1973 4848 quis
1992 4770 2111 4848 putabit
2128 4767 2203 4830 utile
2226 4786 2300 4828 esse
2310 4768 2478 4847 pueritiae,

460 4873 523 4915 uon
554 4851 720 4933 prohibeo,
754 4876 815 4936 quo
844 4858 944 4917 minus
978 4862 1086 4921 atatim
1137 4856 1203 4919 Sed
1224 4858 1352 4939 optarim
1369 4857 1399 4918 in
1417 4855 1476 4918 hoc
1498 4876 1610 4938 genere
1631 4853 1759 4917 aliorum
1776 4853 1839 4934 legi
1864 4854 2022 4916 uberiores
2044 4852 2179 4916 libellos.
2223 4851 2311 4914 Bene
2328 4850 2401 4914 vale
2423 4855 2480 4935 pie

461 4937 584 5003 laectm.
2183 4974 2192 4986 ·
