5892 6709
515 671 580 738 263

516 856 643 938 oleum,
670 858 798 937 idest,
831 858 940 943 arguit
967 867 1159 941 peccatum,
1193 868 1227 921 et
1259 856 1352 920 addit
1377 864 1496 921 vocem

515 942 707 1031 Evangelii,
727 964 803 1028 ,qua
825 954 924 1008 sanat
950 940 1092 1008 vulnera
1113 952 1245 1019 nostra,
1270 942 1348 1006 dato
1371 941 1497 1027 Spiritu

516 1042 636 1099 sancto
659 1027 726 1096 obli
753 1041 787 1094 at
809 1031 907 1094 etiam
930 1026 1081 1107 vulnera,
1103 1029 1136 1092 id
1159 1039 1223 1106 est,
1246 1039 1385 1112 peccota
1400 1048 1497 1113 prae·

463 1115 467 1122 ’
516 1120 625 1198 terite,
648 1129 682 1181 et
694 1050 851 1199 reliquias
873 1118 906 1179 in
929 1116 1026 1180 nobis
1044 1114 1222 1179 haerentes
1245 1115 1344 1201 tegit,
1367 1133 1497 1199 nosque

515 1204 654 1288 imponit
681 1221 744 1267 suo
767 1201 917 1285 corpori,
951 1201 985 1266 id
1008 1211 1077 1280 est,
1099 1212 1237 1284 propter
1256 1217 1319 1265 nos
1343 1202 1497 1277 sustinet,

481 1340 483 1342 .
515 1301 657 1356 mortem
678 1297 712 1351 et
737 1286 775 1352 iit
796 1287 929 1351 victima
976 1308 1013 1349 ro
1036 1288 1149 1355 nobis.
1180 1286 1299 1351 deinde
1319 1305 1384 1350 nos
1407 1305 1499 1351 com·

515 1378 649 1441 meudat
665 1374 707 1451 ei,
729 1374 784 1458 qui
805 1385 940 1455 praeest
952 1310 1118 1458 bospitio,
1146 1369 1311 1451 videlicet,
1338 1371 1499 1436 ministris

516 1456 709 1548 Evangelii,
733 1460 786 1524 cni
811 1460 911 1524 tradit
932 1456 1031 1524 Duos
1052 1455 1238 1538 D'euarios,
1260 1476 1378 1523 vocem
1400 1455 1500 1543 legis,

516 1558 551 1613 et
571 1566 690 1613 vocem
700 1544 886 1630 Evangelii,
908 1556 942 1609 et
962 1542 1034 1610 vult
1054 1544 1215 1609 inchoata
1235 1546 1410 1609 sanatione
1431 1564 1500 1608 ma·

539 1633 570 1698 ‘a
590 1633 764 1719 magisque
791 1629 979 1696 confirmari
1005 1634 1039 1696 in
1066 1632 1165 1695 nobis
1193 1632 1395 1716 agnitionem
1423 1629 1500 1707 Dei,

541 1719 635 1797 dem,
657 1738 770 1801 spem,
793 1714 1023 1795 dilectionem,
1046 1726 1080 1781 et
1103 1728 1253 1782 caeteras
1275 1717 1431 1794 virtutes,
1465 1728 1500 1780 et

516 1804 609 1869 initia
629 1805 718 1868 vitae
741 1815 914 1881 aeternae,
947 1816 981 1868 et
1008 1805 1168 1888 promittit
1195 1812 1336 1881 sumtus,
1369 1803 1403 1866 id
1436 1813 1499 1880 est,

516 1887 674 1956 auxilium
694 1888 858 1975 utrisque,
881 1891 1075 1954 doctoribus
1097 1902 1131 1954 et
1151 1890 1215 1974 piis
1237 1889 1455 1954 auditoribus.

604 2007 697 2074 llaec
717 2010 829 2096 imago
851 2010 957 2096 pingit
984 2020 1018 2074 et
1040 2011 1192 2075 miserias
1213 2020 1365 2088 nostrae,
1389 2020 1423 2074 et
1445 2027 1501 2073 sa·

518 2096 697 2161 nationem.

604 2247 727 2322 Quaeri
742 2262 852 2315 autem
870 2247 970 2327 solet,
992 2270 1078 2334 quae
1096 2269 1175 2334 pars
1192 2247 1335 2314 hominis
1367 2249 1411 2313 sit
1422 2269 1500 2333 spo·

517 2333 609 2414 liata,
631 2356 717 2421 quae
738 2336 931 2415 vulnerata,
955 2346 989 2400 et
1010 2335 1065 2400 ulti
1086 2337 1130 2399 sit
1150 2347 1328 2419 peccatum
1350 2337 1499 2421 originis.

517 2420 609 2486 Vera
630 2423 805 2503 responsio
828 2434 896 2505 cst,
919 2433 1093 2505 peccatum
1113 2422 1250 2507 originis
1275 2423 1307 2485 in
1336 2423 1445 2486 anima
1467 2433 1500 2485 et

517 2508 551 2571 in
574 2527 716 2591 corpore
738 2527 828 2585 esse,
851 2509 1083 2591 acpraecipuc
1100 2509 1132 2571 in
1150 2508 1258 2572 tribus
1275 2508 1412 2585 viribus,
1434 2509 1500 2572 sci·

517 2590 607 2671 licet,
628 2595 661 2656 in
683 2604 792 2659 mente
817 2591 1003 2678 caliginem,
1027 2593 1217 2678 gignentem
1246 2604 1350 2657 tetras
1372 2594 1500 2657 dubita·

518 2679 626 2744 tiones
649 2679 691 2741 de
712 2679 936 2761 providentia,
967 2680 1009 2742 de
1037 2679 1347 2743 comminationibus
1368 2692 1401 2743 et
1423 2702 1500 2763 pro-

517 2765 731 2829 missionibus
761 2763 837 2838 Dei,
872 2764 989 2828 deinde
1021 2766 1054 2828 in
1092 2761 1263 2828 voluntate
1291 2767 1500 2829 aversionem

518 2871 539 2914 a
560 2849 653 2929 Deo,
674 2852 764 2914 unde
786 2860 864 2915 sunt
886 2851 1031 2935 ingentia
1053 2848 1160 2927 maia,
1184 2850 1365 2929 securitas,
1389 2848 1501 2936 negle-

519 2937 585 3000 ctio
607 2937 678 3000 irae
699 2934 783 3013 Dei,
818 2933 1018 3015 diffidentia,
1050 2956 1145 3001 arnor
1162 2937 1279 3000 nostri.
1324 2936 1499 3001 Postremo

518 3023 552 3086 in
575 3023 677 3085 corde
699 3019 890 3085 horribilem
914 3024 1154 3087 contumaciam
1178 3025 1369 3108 gignentem
1386 3043 1500 3087 erran-

518 3117 570 3172 tes
603 3108 822 3191 adpetitiones
846 3120 875 3171 et
908 3106 1057 3172 flammas
1091 3116 1279 3193 pugnantes
1314 3130 1390 3174 curn
1422 3108 1500 3197 lege

517 3192 594 3271 Dei,
616 3195 758 3258 iniustos
780 3213 924 3272 amores,
948 3194 1069 3258 iniusta
1091 3196 1178 3259 odia.

604 3312 697 3378 llaec
709 3310 982 3378 malaonrniauno
992 3315 1123 3379 nomine
1136 3312 1309 3398 complecti
1321 3316 1500 3400 antiquitas

519 3396 633 3478 voluit,
656 3421 741 3484 quae
763 3402 945 3465 nominavit
962 3398 1082 3464 malum
1101 3401 1241 3487 originis
1263 3404 1501 3485 concupiscen-

519 3486 608 3562 tiam,
630 3506 696 3570 qua
718 3507 803 3551 voce
827 3508 893 3550 non
916 3489 1137 3570 adpetitiones
1155 3490 1267 3572 ipsae,
1292 3501 1457 3571 quatenus
1480 3509 1501 3551 a

519 3569 594 3635 Deo
618 3572 772 3635 conditae
795 3584 884 3650 sunt,
907 3570 1142 3658 intelligantur,
1166 3573 1226 3636 sed
1245 3573 1352 3654 ἀταξία
1374 3575 1500 3659 adpeti·

519 3658 656 3735 tionum,
677 3669 714 3720 ut
735 3677 837 3740 supra
859 3679 992 3743 quoque
1009 3661 1127 3725 monui.
1164 3656 1278 3723 Facile
1295 3671 1404 3725 autem
1423 3681 1500 3741 spo-

519 3742 610 3807 liatio
629 3741 768 3829 intelligi
790 3756 900 3828 potest
918 3746 949 3808 in
967 3758 1121 3829 utroque,
1144 3746 1177 3809 in
1200 3746 1309 3808 anima
1326 3757 1359 3808 et
1377 3747 1410 3808 in
1427 3767 1501 3809 cor·

519 3849 612 3979 pore.
646 3828 682 3893 ln
705 3841 815 3895 mente
838 3832 962 3895 amissa
984 3844 1033 3894 est
1055 3831 1149 3894 tirma
1171 3832 1334 3895 assensio.
1368 3832 1420 3896 Ex
1442 3854 1500 3896 vo-

426 3991 431 4000 ,
533 3927 648 3980 untate
670 3936 835 3980 excussus
862 3928 914 3980 est
942 3918 1081 3999 Spiritus
1112 3929 1266 3995 sanctus,
1300 3937 1359 3980 cor
1392 3919 1501 3983 amisit

519 4004 798 4089 gubernatorem,
822 4005 854 4066 id
878 4015 945 4082 est,
969 4013 1064 4067 ruens
1087 4015 1118 4067 et
1141 4002 1297 4068 voluntas
1325 4024 1392 4068 non
1423 4025 1500 4090 pos·

519 4100 597 4152 sunt
629 4089 765 4153 firmiter
798 4109 918 4173 regere
947 4111 1024 4168 cor,
1054 4089 1144 4174 quod
1172 4092 1263 4154 varie
1286 4093 1412 4174 rapitur
1432 4112 1501 4155 non

520 4172 627 4240 solum
655 4178 903 4257 temperamenti
925 4177 1096 4253 varietate,
1118 4178 1179 4241 sed
1205 4179 1302 4240 etiam
1330 4196 1391 4239 sua
1421 4197 1500 4261 qua·

520 4262 595 4325 darn
619 4261 853 4327 imbecillitate.
888 4258 1126 4345 spoliationem
1144 4276 1251 4326 antem
1271 4283 1331 4324 seu
1349 4258 1500 4327 defectus

520 4358 635 4410 secuta
658 4359 736 4411 sunt
755 4345 905 4424 vulnera,
927 4360 964 4411 ut
986 4349 1017 4411 in
1040 4344 1211 4412 voluntate
1233 4368 1327 4411 amor
1350 4359 1382 4411 et
1398 4350 1500 4412 admi·

520 4432 605 4495 ratio
629 4437 753 4508 nostri,
785 4436 818 4497 ‘m
845 4434 946 4497 corde
969 4431 1139 4515 multiplex
1164 4436 1391 4515 contumacia,
1415 4437 1502 4499 sicut

520 4516 726 4584 Anslrelmus.
749 4518 896 4604 loquitur
919 4520 960 4583 de
989 4521 1065 4583 navi
1089 4520 1246 4583 destituta
1276 4523 1505 4607 gubernatore

521 4614 555 4668 et
577 4607 688 4684 remis
713 4627 799 4689 quae
821 4619 939 4689 postea
963 4607 1063 4670 variis
1085 4606 1230 4670 motibus
1253 4608 1407 4693 agitatur.

607 4723 671 4790 llic
694 4738 800 4790 autern
820 4726 971 4812 quaestio
985 4727 1141 4812 agitatur,
1164 4728 1329 4810 quomodo
1343 4729 1374 4791 in
1394 4731 1503 4793 anima

402 4803 406 4809 ’
520 4822 694 4896 peccatum
717 4831 795 4877 esse
815 4813 942 4897 possit,
970 4832 1051 4878 cuna
1072 4815 1201 4878 animae
1225 4814 1409 4879 immediate
1432 4835 1503 4878 cre·

519 4909 620 4962 entur
647 4918 667 4961 a
690 4897 781 4977 Deo,
815 4902 857 4965 ad
880 4901 970 4986 quod
998 4897 1107 4964 facilis
1137 4912 1170 4963 et
1197 4899 1297 4984 plana
1327 4903 1502 4985 responsio

521 4995 585 5061 est,
609 4984 639 5048 si
661 4985 800 5049 dicimus
823 4988 960 5050 Animas
984 5006 1025 5050 ex
1048 4987 1185 5050 traduce
1208 4987 1297 5066 oriri,
1322 4988 1411 5071 quod
1435 4986 1503 5051 Au·

1151 667 1264 733 Prtll..
1287 666 1390 732 Mel..
1409 664 1597 735 SCRIPTA
1615 662 1895 731 boemanos

2464 660 2532 727 att

1635 854 1800 920 Usitatum
1823 865 1877 918 est
1897 852 1948 917 sic
1970 852 2047 934 dici,
2069 850 2208 916 Animas
2238 849 2351 917 inficio
2381 852 2534 937 corpori-

1549 945 1623 1009 bus.
1657 942 1726 1032 Sed
1749 963 1825 1006 curn
1848 936 2002 1005 desectus
2025 938 2157 1023 quidam
2174 937 2301 1022 proprii
2322 938 2390 1003 sint
2410 940 2546 1004 mentia:

1551 1039 1584 1093 et
1606 1025 1799 1104 voluntatis,
1817 1038 1854 1092 ut
1875 1026 1908 1091 in
1931 1035 2040 1091 mente
2063 1024 2234 1103 dubitatio,
2258 1037 2293 1091 et
2312 1025 2346 1089 in
2358 1022 2534 1091 voluntate

1550 1114 1683 1179 aversio
1715 1135 1737 1177 a
1768 1112 1863 1192 Deo,
1897 1131 2040 1177 necesse
2067 1122 2119 1176 est
2140 1108 2239 1176 fateri
2259 1113 2293 1176 in
2320 1112 2395 1197 ipsa
2422 1111 2536 1178 anima

1551 1219 1683 1286 quoque
1705 1195 1827 1263 malum
1849 1209 1883 1263 et
1902 1209 2076 1283 peccatum
2099 1215 2188 1262 asae.

1636 1336 1734 1402 Nunc
1757 1325 1873 1401 ordine
1895 1337 2081 1400 recensebo
2105 1354 2226 1401 causas
2249 1346 2283 1402 et
2299 1332 2438 1401 effectus
2454 1353 2536 1421 pec·

1552 1425 1789 1519 cati90riginis,
1812 1424 1846 1487 in
1868 1422 1976 1488 Adam
1999 1433 2033 1486 et
2049 1422 2083 1485 in
2105 1423 2313 1507 posteritate.
2348 1508 2351 1513 Ι

1638 1575 1770 1643 Causae
1791 1573 1977 1643 efficientes
1998 1578 2139 1661 primum
2159 1572 2290 1662 lapsum
2311 1576 2345 1642 in
2367 1575 2478 1642 Adam
2501 1589 2536 1643 et

1552 1662 1662 1743 Hera,
1696 1660 1840 1736 suerunt,
1859 1659 2012 1729 diabolus
2034 1662 2211 1732 offunderis
2233 1657 2353 1728 falsam
2373 1663 2536 1750 imagina-

1552 1752 1694 1829 tionem,
1717 1762 1750 1814 et
1771 1747 1929 1816 voluntas
1951 1751 1985 1813 in
2008 1749 2103 1815 Heva
2126 1760 2160 1814 et
2180 1749 2308 1827 Adam,
2338 1749 2536 1814 adsentiens

1552 1835 1619 1901 illis
1653 1837 1957 1922 imaginationibus,
1986 1855 2027 1899 ac
2060 1834 2237 1910 discedens
2269 1855 2292 1898 a
2316 1837 2422 1899 verbo
2456 1833 2535 1901 Del.

1551 1923 1627 1987 Non
1649 1924 1749 2009 igitur
1771 1922 1876 2001 Deus,
1897 1922 1957 1986 sed
1978 1917 2136 1986 voluntas
2159 1921 2190 1985 in
2221 1922 2304 2005 ipsis
2331 1922 2447 2005 primis

1552 2009 1702 2074 rentibus
1724 2029 1827 2074 causa
1849 2018 1901 2073 est
1918 2009 2059 2093 peccati,
2081 2005 2303 2073 sicutPaulus
2321 2008 2445 2092 inquit:
2468 1941 2537 2073 dgr

1551 2116 1652 2160 unum
1668 2093 1834 2160 hominem
1854 2107 2028 2178 peccatum
2049 2094 2182 2159 intravit
2203 2095 2236 2159 in
2258 2094 2425 2158 muudum.

1637 2247 1804 2314 Dicuntur
1821 2261 1930 2314 autem
1955 2260 1989 2313 et
2010 2244 2193 2314 efficientes
2205 2267 2340 2328 musae,
2380 2267 2446 2312 uae
2466 2263 2534 2314 me·

1552 2345 1666 2399 rentur
1687 2332 1820 2419 aliquid.
1854 2333 1910 2400 Sic
1931 2335 2040 2399 Adam
2070 2347 2104 2398 et
2126 2334 2221 2400 Hera
2248 2345 2328 2399 sunt
2349 2354 2369 2399 e
2407 2334 2546 2400 cientes¹

1552 2441 1686 2499 causae,
1714 2422 1792 2507 quia
1825 2423 1889 2485 sibi
1919 2431 1952 2485 et
1984 2421 2129 2506 posteris
2162 2420 2268 2484 meriti
2292 2432 2371 2485 sunt
2392 2432 2534 2499 reatum,

1553 2520 1587 2572 et
1640 2508 1705 2571 bos
1759 2508 1855 2591 ipsos
1906 2504 2057 2573 defectus
2081 2551 2089 2564 .
2109 2527 2171 2571 seu
2204 2508 2401 2590 pravitatem
2446 2526 2535 2591 quae

1552 2592 1682 2678 lapsum
1727 2604 1845 2657 secuta
1888 2607 1951 2672 est,
1995 2612 2142 2662 excussa
2184 2590 2263 2656 luce
2296 2590 2371 2659 Dei.
2437 2590 2536 2657 Post·

1553 2701 1650 2765 quam
1690 2680 1775 2741 enirn
1843 2681 1914 2743 rimi
1957 2691 2112 2764 parentes
2151 2675 2375 2764 deliquerunt,
2417 2679 2534 2743 amise-

1552 2776 1628 2829 runt
1650 2762 1776 2828 firmam
1793 2700 1899 2828 illam
1926 2766 2090 2845 notitiam,
2124 2784 2211 2849 quae
2236 2765 2401 2829 mentibus
2432 2764 2534 2829 insita

1552 2848 1672 2929 iuerat,
1694 2861 1728 2914 et
1750 2852 1980 2915 rectitudinem
2002 2849 2196 2929 voluntatis,
2220 2860 2253 2915 et
2271 2851 2535 2916 convenientiam

1553 2937 1665 3001 cordis
1688 2957 1761 3000 cum
1785 2934 1817 3002 le
1843 2958 1861 2999 e
1882 2936 1958 3001 Dei.
2004 2936 2046 3000 Et
2069 2935 2177 3022 qualis
2200 2933 2261 3000 suu
2289 2938 2322 2999 in
2344 2938 2393 2999 eis
2415 2947 2536 3002 natura

1553 3026 1672 3088 orbata
1693 2958 1845 3108 originali
1864 3024 2000 3100 iustitia,
2021 3020 2107 3086 tales
2123 3033 2245 3107 postea
2262 3026 2533 3107 procreaverunt.

1552 3110 1667 3194 ltaque
1688 3107 1843 3174 voluntas
1867 3111 1899 3173 in
1922 3110 2036 3192 primis
2058 3110 2263 3193 parentibuS,
2286 3119 2339 3173 est
2361 3128 2467 3173 causa
2488 3107 2534 3173 el·

1552 3194 1667 3260 ficiens
1698 3196 1917 3277 corruptionis
1939 3196 2117 3260 universae
2146 3207 2285 3260 naturae
2312 3196 2346 3258 in
2376 3196 2533 3279 posteris.

1639 3330 1788 3396 blateria.
1831 3331 1907 3397 Non
1930 3330 1995 3410 bic,
2017 3332 2081 3395 nisi
2099 3332 2140 3396 de
2163 3331 2304 3396 blateria
2329 3332 2473 3416 inqua,
2501 3333 2533 3397 id

1553 3430 1621 3495 est,
1656 3419 1698 3483 de
1720 3421 1873 3482 subiecto
1918 3421 2009 3482 uaeri
2039 3430 2169 3502 potest,
2204 3415 2378 3496 videlicet,
2413 3417 2535 3483 ubisit

1552 3502 1673 3569 molum
1697 3504 1857 3589 originis?
1891 3440 2083 3569 dstantem
2106 3505 2138 3569 in
2163 3506 2281 3584 anima,
2305 3515 2339 3569 et
2360 3505 2394 3569 in
2417 3515 2532 3590 poten·

1552 3593 1606 3655 tiis
1629 3592 1868 3667 sentientibus,
1898 3602 1932 3653 et
1953 3609 2067 3655 eumm
2089 3592 2242 3676 organis,
2271 3593 2350 3676 quia
2370 3592 2404 3656 ln
2425 3602 2536 3656 mente

1552 3676 1696 3741 humana
1729 3687 1781 3740 cst
1813 3673 1939 3759 caligo,
1973 3680 2006 3741 in
2036 3674 2208 3741 voluntate
2236 3678 2368 3743 aversio
2396 3698 2420 3742 a
2446 3677 2534 3756 Deo,

1553 3784 1646 3826 arnor
1668 3765 1774 3826 nostri
1795 3763 2016 3841 inordinatus,
2045 3774 2080 3827 et
2095 3760 2266 3847 multiplex
2282 3784 2386 3848 prava
2397 3763 2535 3828 inclina·

1553 3852 1610 3927 tio,
1632 3859 1665 3912 et
1686 3851 1719 3912 in
1742 3850 1844 3912 corde
1868 3851 2076 3913 contumacia
2099 3861 2216 3914 contra
2235 3861 2362 3914 rectum
2378 3850 2536 3916 indicium

1552 3937 1680 3999 mentis.
1725 3938 1771 3999 lta
1800 3931 1876 3999 loco
1899 3937 2023 4012 morbi,
2055 3949 2092 4000 ut
2117 3937 2168 3999 sic
2191 3936 2314 4008 dicam,
2336 3949 2536 4016 monstrato,

1552 4022 1691 4107 propius
1713 4021 1818 4105 aspici
1842 4018 1964 4085 malum
1987 4031 2109 4105 potest.

1639 4158 1770 4223 Forma.
1815 4156 1950 4242 Duplex
1972 4157 2113 4225 formale
2136 4172 2202 4226 est:
2237 4158 2376 4227 alterum
2404 4163 2536 4247 peccati

1552 4246 1734 4331 regnantis,
1754 4244 1893 4323 scilicet,
1915 4259 2040 4325 reatus,
2063 4244 2204 4312 alterum
2227 4248 2307 4324 vitii,
2331 4267 2393 4313 seu
2415 4250 2535 4329 morbi,

1553 4329 1722 4409 videlicet,
1758 4329 1918 4398 defectus,
1964 4331 2056 4397 llaec
2090 4333 2206 4398 dextre
2234 4329 2403 4416 explicata
2434 4332 2537 4400 facile

1553 4415 1692 4503 intelligi
1715 4431 1856 4501 possunt
1878 4421 1920 4483 ab
1939 4419 1990 4496 tis,
2014 4421 2068 4505 qui
2092 4422 2301 4496 mediocriter
2316 4415 2442 4485 exculti
2459 4431 2537 4486 sunt

1554 4505 1716 4570 doctrina.
1767 4502 2020 4588 Disputationes
2052 4503 2292 4571 blonachorum
2325 4506 2368 4581 de
2401 4505 2467 4570 bac
2499 4526 2535 4571 re

1552 4590 1630 4676 plus
1652 4590 1775 4655 babent
1803 4590 2083 4676 labyrinthorum,
2116 4595 2194 4678 quia
2222 4593 2536 4669 ineruditeiudiea·

1554 4691 1641 4756 runt,
1659 4698 1722 4741 nec
1734 4679 2032 4743 consideraverunt
2048 4680 2226 4743 discrimen
2245 4680 2330 4743 iuter
2345 4690 2489 4760 reatum,
2503 4687 2536 4744 et

1554 4766 1659 4849 ipsum
1682 4766 1833 4828 morbum
1854 4764 1887 4825 in
1909 4776 2028 4829 natura
2047 4764 2212 4830 hominem
2234 4765 2437 4830 haerentem.

1641 4900 1676 4964 ln
1700 4898 1805 4965 Paulo
1832 4912 1967 4981 renato,
2000 4923 2187 4987 quanquam
2213 4921 2360 4987 persona
2387 4911 2455 4966 non
2483 4912 2537 4966 est

1555 5008 1625 5065 rea,
1647 4998 1756 5054 tamen
1779 5000 1911 5052 manent
1933 4987 2056 5054 multae
2079 4990 2300 5054 dubitationes
2317 4990 2361 5052 de
2371 4986 2461 5067 Deo,
2485 5008 2536 5052 or·

521 5073 676 5158 gustinus
695 5081 728 5134 et
750 5068 805 5134 alii
828 5069 918 5137 multi
941 5074 1029 5137 docti
1052 5084 1085 5137 et
1106 5074 1274 5157 sapientes
1299 5075 1405 5158 magis
1427 5093 1503 5137 sen·
1555 5086 1608 5138 tae
1631 5093 1673 5137 ex
1696 5070 1838 5160 caligine
1864 5076 1997 5139 mentis.
2052 5074 2157 5140 Hanc¹
2177 5072 2352 5161 caliginem
2380 5085 2415 5138 et
2441 5076 2536 5159 ipsas

520 5170 648 5223 serunt.
693 5158 728 5221 Si
752 5159 827 5242 quis
848 5170 957 5223 autern
987 5157 1089 5245 fugiet
1118 5159 1207 5224 hanc
1236 5161 1502 5244 disputationem,
1555 5161 1774 5224 dubitationes
1797 5180 1873 5226 esse
1905 5159 2068 5227 defectum
2096 5160 2201 5238 lucis,
2235 5159 2446 5226 manifestum
2473 5171 2536 5239 est,

520 5245 727 5328 respondere
749 5245 871 5329 poterit
892 5241 976 5307 tales
997 5266 1087 5310 nunc
1107 5247 1213 5310 creari
1231 5248 1370 5325 animas,
1393 5244 1503 5332 qualis
1554 5245 1685 5311 Deinde
1705 5245 1861 5313 voluntas
1884 5269 1951 5313 non
1973 5251 2074 5314 habet
2096 5248 2305 5313 dilectionem
2318 5246 2382 5312 Dei
2398 5258 2467 5313 tam
2486 5267 2536 5312 ar·

521 5342 575 5396 est
596 5331 681 5395 haec
704 5342 823 5396 natura
844 5341 923 5413 post
944 5327 1074 5415 lapsum
1082 5377 1092 5408 ,
1120 5334 1196 5416 quia
1226 5330 1402 5397 dissimiles
1426 5353 1505 5397 esse
1556 5334 1700 5412 dentem,
1724 5345 1760 5397 ut
1782 5337 1943 5419 oportuit,
1967 5348 2001 5401 et
2023 5355 2084 5400 cor
2104 5332 2204 5400 babet
2232 5332 2355 5400 multas
2383 5332 2535 5399 flammas

521 5417 649 5482 animas
670 5439 739 5483 non
757 5417 891 5481 dubium
910 5428 970 5480 cst
999 5416 1163 5481 lleroioae
1185 5430 1265 5484 sunt.
1285 5421 1505 5503 praestantio-
1555 5422 1750 5485 aberrantes
1768 5443 1789 5485 a
1805 5421 1892 5487 Deo.
1937 5422 2029 5487 llaec
2051 5418 2150 5499 mala,
2173 5417 2324 5487 desectus
2347 5440 2409 5485 seu
2426 5422 2536 5506 priva·

521 5522 590 5581 res,
613 5515 646 5567 et
668 5506 776 5592 magis
799 5505 1008 5569 dominantur
1036 5508 1189 5570 omnious
1210 5507 1355 5572 motibus
1385 5526 1504 5591 corpo·
1555 5508 1663 5571 tiones
1682 5525 1772 5587 esse,
1794 5520 1830 5572 ut
1848 5505 2012 5575 dialectici
2029 5505 2225 5593 loquuntur,
2239 5503 2458 5574 manifestum·
2473 5513 2536 5584 eet,

521 5607 607 5668 rum,
629 5608 727 5674 quam
748 5588 834 5656 aliae
855 5585 1101 5655 imbecilliores.
1555 5603 1591 5658 ut
1602 5593 1632 5658 si
1643 5594 1784 5676 denari,
1805 5615 1892 5682 quae
1910 5593 2068 5661 destituta
2084 5596 2310 5681 gubernatore
2320 5590 2536 5661 iactatnrssn·
