5892 6709
458 623 564 753 'ne
633 683 636 690 ·
735 699 737 704 ·
1132 678 1247 746 rua.
1268 678 1373 745 ann.
1395 677 1585 747 scaram
1601 674 1881 746 nonnanes
2456 665 2524 737 roo

710 872 802 947 „Sint
824 873 915 953 igitur
937 878 968 932 et
990 870 1132 950 dogmata
1153 869 1299 933 Ecclesia
1322 879 1403 945 nota,
1421 879 1454 931 et
1471 876 1577 932 extent
1597 870 1781 951 proprietate
1803 867 1962 929 verborum
1986 866 2074 945 quasi
2096 870 2187 944 septa
2210 870 2242 925 et
2263 863 2386 925 mnnita
2429 856 2524 924 Eam·

503 979 566 1043 qne
588 961 629 1023 ob
652 978 777 1021 cansam
800 959 885 1020 initio
908 956 1058 1039 Symbola
1080 957 1201 1018 condita
1222 964 1304 1031 sunt,
1326 964 1360 1018 ut
1377 977 1497 1017 summa
1519 955 1674 1017 doctrinae
1697 957 1726 1015 in
1750 961 1918 1035 conspeetu
1942 958 2030 1012 esset
2052 951 2177 1012 recitata
2196 951 2327 1032 propriis
2348 950 2466 1022 verbis,
2490 954 2527 1009 nt

436 1082 440 1088 ·
502 1046 617 1111 iisdem
639 1045 773 1129 syllabis
794 1045 854 1107 bae
876 1064 927 1105 res
948 1045 1131 1125 praecipuae
1154 1044 1269 1123 ubique
1292 1046 1321 1104 in
1344 1042 1499 1105 Ecclesiia
1520 1047 1765 1124 proponerentur.

710 1201 761 1263 Ac
782 1219 861 1260 nunc
883 1218 1006 1279 quoque
1027 1200 1057 1259 in
1076 1197 1293 1259 diiudicatione
1317 1200 1588 1259 controversiamm
1612 1196 1799 1277 quamndum
1822 1193 1915 1256 simili
1938 1192 2095 1274 diligentia
2117 1212 2196 1274 opus
2219 1199 2316 1255 esset.
2361 1190 2444 1256 Cum
2472 1212 2526 1254 an·

504 1295 567 1352 tam
589 1288 649 1351 bae
670 1293 772 1349 anae
793 1306 845 1347 res
868 1306 927 1346 non
945 1287 1007 1345 sint
1028 1304 1118 1345 curae
1139 1286 1268 1345 summis
1286 1285 1548 1365 gubernatoribus,
1572 1304 1630 1345 nos
1647 1286 1678 1345 in
1691 1281 1810 1345 scholis
1826 1281 1917 1344 decet
1931 1300 2046 1353 curare,
2068 1288 2103 1341 nt
2121 1285 2204 1342 extet
2221 1279 2375 1342 doctrinae
2392 1300 2528 1353 summa,

505 1381 650 1457 qnantum
672 1373 736 1434 lieri
758 1378 873 1454 potest,
896 1372 965 1432 sine
987 1372 1184 1451 ambiguitate
1205 1372 1348 1448 recitata,
1372 1372 1444 1451 qnia
1465 1392 1523 1433 nos
1546 1372 1576 1432 in
1599 1369 1718 1433 sebolis
1741 1367 1872 1431 subinde
1893 1368 2057 1450 praecipua
2079 1365 2234 1430 doctrinae
2257 1368 2356 1450 capita
2372 1373 2528 1448 repetere,

505 1468 541 1526 nl
561 1461 596 1524 at
616 1462 648 1521 in
668 1458 778 1541 puerili
800 1457 975 1540 serapiaca,
997 1477 1130 1519 necesse
1153 1465 1212 1520 est.
1546 1461 1550 1465 ⁴
2223 1454 2228 1463 ’

711 1613 800 1675 llaec
822 1613 913 1693 igitur
936 1612 1086 1673 enarratio
1109 1609 1250 1693 Symboli
1271 1610 1380 1673 Niceni
1403 1631 1421 1674 a
1446 1609 1590 1692 Casparo
1610 1610 1781 1694 Onseipero
1804 1611 1942 1673 instituta
1960 1616 2011 1671 est
2031 1610 2083 1691 pio
2106 1609 2251 1683 consilio,
2280 1617 2315 1672 ut
2341 1611 2431 1691 qnasi
2454 1629 2530 1671 evo·

504 1699 572 1764 ints
592 1698 734 1782 Symboli
756 1699 893 1762 doctrina
913 1705 1139 1780 proponeretur,
1159 1705 1191 1759 et
1213 1697 1286 1759 ordo
1308 1700 1407 1779 magis
1431 1701 1568 1781 conspici
1590 1706 1709 1780 posset,
1734 1698 1904 1759 distributis
1926 1697 2064 1778 partibus
2086 1694 2229 1779 Symboli
2246 1698 2277 1757 in
2298 1697 2452 1762 membra:
2475 1716 2530 1757 vo·

504 1784 565 1850 luit
586 1789 679 1849 etiarn
700 1787 819 1858 testari,
842 1805 901 1846 nos
919 1790 1091 1846 reverenter
1112 1784 1254 1865 amplecti
1277 1792 1309 1846 et
1330 1787 1406 1847 tueri
1428 1785 1507 1847 baec
1527 1784 1687 1868 Symbola,
1710 1786 1891 1866 gravismma
1912 1786 2088 1846 anctoritate
2106 1783 2225 1857 medita,
2249 1784 2425 1864 etquidem
2455 1784 2530 1845 reti-

506 1892 581 1936 nere
598 1875 729 1936 nativam
747 1892 852 1933 eornm
875 1872 1065 1933 sententiam.

713 2024 749 2091 ld
771 2025 933 2089 consilinm
955 2046 1023 2088 cnm
1046 2022 1097 2087 alli
1119 2026 1297 2106 probarent,
1320 2032 1352 2086 et
1373 2025 1496 2106 quidam
1518 2026 1615 2099 docti,
1637 2026 1681 2108 pii
1703 2033 1735 2089 et
1756 2044 1865 2107 graves
1887 2025 1941 2086 viri
1964 2045 2032 2087 earn
2052 2030 2189 2107 partem,
2213 2046 2292 2107 qnae
2320 2025 2402 2089 edita
2422 2025 2532 2104 eet')

507 2112 660 2196 prodesse
681 2114 800 2195 plomm
822 2113 934 2175 studiis
957 2113 1163 2186 indicassent,
1194 2131 1302 2175 rnrsns
1324 2132 1392 2174 earn
1415 2112 1579 2187 edidimus,
1602 2113 1716 2175 additis
1737 2113 1855 2195 aliquot
1877 2112 2047 2194 capitibus,
2076 2110 2206 2173 addituri
2235 2115 2325 2175 etiarn
2347 2122 2470 2187 cetera,
2498 2113 2531 2174 si

508 2200 561 2264 bie
580 2200 668 2261 labor
688 2200 778 2262 vobis
800 2200 1006 2282 probabitur.“

715 2388 803 2450 llaec
823 2386 979 2451 Enarratio
1002 2384 1142 2469 Symboli
1160 2387 1280 2460 Niceni,
1304 2395 1337 2449 et
1358 2384 1567 2469 crucigert
1586 2388 1702 2449 initium
1721 2409 1749 2449 a.
1776 2392 1866 2450 1548.
1892 2388 2018 2462 editum,
2041 2409 2150 2470 nempe
2170 2389 2301 2471 priorem
2321 2387 2374 2450 De
2394 2388 2534 2451 iudiciis

509 2474 845 2559 Synoderempartem,
868 2482 900 2538 et
920 2473 1196 2536 Melantbonis
1219 2475 1473 2537 continuationem
1497 2496 1565 2537 cum
1578 2474 1717 2536 eiusdem
1739 2474 1926 2556 praefatione
1949 2477 2134 2551 continens,
2160 2475 2272 2557 prodiit
2282 2495 2310 2540 a.
2324 2480 2416 2540 1550.
2428 2477 2534 2538 sicin-

509 2564 635 2645 scripta:

717 2714 892 2777 Ertarratio
912 2714 1054 2798 Symboli
1075 2714 1208 2785 Niceni,
1239 2714 1444 2796 conplectens
1472 2715 1584 2776 ordine
1606 2716 1782 2777 doctrinam
1810 2715 1974 2778 Ecclesiae
1995 2717 2060 2778 Dei
2080 2715 2217 2798 fideliter
2244 2718 2428 2788 recitatasa,
2463 2735 2536 2778 ewa

756 2803 962 2883 praefatione
982 2801 1069 2861 Plil.
1091 2800 1303 2863 Melaatlronis
1330 2802 1374 2862 ad
1395 2801 1553 2863 Doctores
1573 2800 1737 2863 Ecclesiae
1758 2802 1822 2863 Dei
1849 2807 1883 2865 in
1904 2804 2059 2866 saxonia.
2103 2802 2311 2866 Accesserant
2325 2805 2437 2885 priori
2466 2804 2533 2865 eali·

762 2890 845 2950 tiani
862 2887 970 2969 plures
991 2886 1132 2971 Symboli
1148 2896 1270 2970 partes.
1322 2888 1514 2971 Viteberpae.
1556 2887 1612 2952 Ea
1633 2891 1759 2970 officim
1780 2889 1849 2952 Iob.
1872 2889 1968 2971 Lufft.
2001 2893 2109 2955 '1550.
2155 2891 2196 2951 20
2217 2889 2318 2973 plagg.
2341 2892 2430 2969 8.··)

717 3042 803 3105 llaec
825 3042 883 3105 Ea
906 3046 1036 3125 repetita
1057 3049 1108 3104 est
1129 3043 1256 3124 primum
1280 3040 1430 3105 Basileae
1447 3064 1516 3105 cum
1538 3041 1634 3105 bocca
1656 3043 1759 3108 tibrlo:

716 3196 857 3367 Silffi
877 3197 1668 3373 limai.i.t.ii²tat⁰,'2t'ilti]'..tltf
1689 3198 2534 3373 liiidliliiiiltliti'liit

761 3370 966 3432 decernerent
980 3374 1088 3451 priori
1109 3371 1245 3431 editioni
1264 3372 1372 3451 plnres
1391 3376 1396 3451 Ι
1414 3372 1557 3455 Symboli
1569 3380 1689 3453 partes.
1711 3372 1895 3457 {Basileaa
1924 3376 1993 3436 sine
2015 3377 2085 3436 anni
2108 3372 2324 3455 indicio.15¹l2
2348 3374 2452 3456 plagg.
2472 3375 2534 3438 litt.

762 3456 865 3529 A-Q
889 3456 933 3535 (Q
952 3457 985 3542 ss.
1010 3457 1107 3539 plag.)
1130 3458 1229 3542 siga,
1255 3460 1316 3520 245
1339 3479 1427 3540 pagg.
1450 3481 1541 3531 num„
1564 3459 1620 3523 ult.
1645 3465 1661 3521 3
1686 3481 1774 3542 pagg.
1794 3460 1900 3534 albae,
1931 3466 1959 3525 8.
1982 3463 2054 3524 min.
2078 3468 2160 3544 (pag.
2176 3466 2280 3524 3-9.
2302 3457 2384 3524 Phil.
2411 3460 2536 3525 Melan·

761 3541 865 3602 thonis
883 3544 1030 3623 praelatio
1053 3544 1092 3603 ad
1110 3543 1309 3605 Reverendos
1332 3547 1424 3617 viros,
1449 3546 1591 3607 doctores
1614 3545 1777 3608 Ecclesiae
1801 3548 1861 3609 Dei
1885 3549 1914 3608 in
1939 3548 2089 3620 Saxonis,
2114 3557 2145 3611 et
2168 3549 2327 3609 invicinis
2350 3550 2535 3629 regionibus

766 3633 858 3691 1550.
882 3628 932 3689 die
955 3629 989 3691 S.
1011 3629 1107 3689 Marci
1129 3630 1350 3710 Evangelistae
1374 3634 1404 3707 li.
1427 3654 1454 3695 e.
1480 3635 1529 3695 25.
1553 3633 1662 3712 April}
1686 3636 1814 3715 scripta;
1837 3656 1866 3717 p.
1882 3638 2028 3698 10-245
2053 3634 2125 3715 [sol.
2139 3634 2248 3715 03⁸]
2266 3634 2424 3698 Enarratio
2437 3633 2536 3718 Sym·

763 3714 827 3775 boli
850 3715 977 3788 Niceni,
1007 3715 1215 3796 complectens
1245 3717 1349 3778 ordine
1376 3718 1541 3779 doctrinam
1570 3718 1733 3781 Ecclesiae
1757 3719 1831 3793 Dei,
1866 3720 1995 3800 fideliter
2016 3724 2189 3794 recitatam,
2223 3716 2296 3784 cum¹
2321 3726 2360 3784 10
2382 3729 2534 3786 annotatt.

723 3861 728 3869 ,
763 3821 831 3881 pag.
859 3804 994 3864 12-23.
1019 3804 1048 3862 in
1071 3804 1205 3882 margine
1228 3805 1406 3884 adscriptis:
1429 3804 1482 3867 sol.
1508 3805 1650 3878 Qab-
1664 3809 1705 3865 4¹³
1730 3813 1860 3892 vacant).
1874 3807 1938 3884 m)

721 3958 843 4021 Deinde
867 3955 978 4040 Casp.
1001 3955 1202 4019 Peucerns
1230 3979 1256 4021 a
1284 3960 1375 4022 1562.
1397 3958 1477 4021 banc
1499 3959 1726 4023 Enarrationem
1749 3964 1777 4023 in
1803 3982 1880 4024 suae
1904 3960 2108 4024 Colleclionis
2134 3960 2374 4045 Witeberpeasis
2395 3961 2538 4046 Opera:

514 4043 789 4113 Melantbonis
808 4049 929 4108 Partem
951 4043 972 4105 l.
996 4043 1212 4127 (Wilederpae
1233 4045 1414 4108 eemaeoac
1429 4047 1498 4109 10a.
1519 4046 1627 4109 Craln.
1660 4050 1753 4111 Anao
1775 4050 1820 4111 M.
1844 4048 1885 4112 D.
1909 4049 2015 4110 LXII.
2042 4049 2125 4129 Fal.)
2153 4052 2283 4132 recepit,
2311 4052 2340 4112 in
2371 4071 2433 4132 qua
2461 4051 2536 4116 lacn

516 4140 651 4200 extremo
673 4132 727 4194 sol.
748 4138 888 4196 388·—
901 4134 987 4193 44212
1011 4131 1122 4213 legitur
1144 4139 1226 4213 (cum
1251 4138 1312 4195 378
1331 4135 1578 4196 annotationibus
1600 4135 1832 4216 marginalibus)
1855 4137 1903 4197 sic
1925 4138 2086 4216 inscripta:

723 4269 897 4331 Dramatic
919 4269 1061 4353 Syaadoli
1083 4269 1200 4333 Nieeai
1221 4270 1426 4350 conplectens
1455 4272 1566 4332 ordine
1588 4272 1765 4334 doctrinam
1786 4271 1950 4336 Ecclesiae
1970 4273 2036 4335 Dei
2052 4273 2189 4356 fideliter
2212 4276 2384 4339 recitaturu-
2427 4272 2532 4339 Edita

767 4378 850 4419 enno
871 4357 915 4418 M.
933 4355 977 4417 D.
1000 4355 1040 4417 L.
1085 4356 1161 4422 Οιαη
1177 4358 1380 4437 praefatione
1400 4356 1550 4439 Patappa·
1566 4358 1786 4432 Metantlonia
1803 4360 1853 4425 ¹acl
1870 4359 2030 4423 Doctores
2048 4359 2212 4423 Ecclesiae
2232 4360 2297 4425 Dei
2317 4363 2350 4422 ia
2373 4359 2531 4425 &xenia

723 4493 773 4557 Ex
795 4493 852 4556 bac
874 4493 966 4556 Parte
988 4494 1040 4555 bic
1061 4493 1139 4555 liber
1160 4494 1190 4555 b.
1212 4494 1233 4557 l.
1257 4496 1425 4569 recuditur,
1448 4498 1566 4559 omissa
1586 4504 1687 4559 tamen
1709 4499 1904 4579 praefatione,
1928 4502 2041 4581 quippe
2064 4519 2142 4581 qnae
2165 4501 2224 4562 iam
2248 4502 2279 4562 in
2300 4500 2395 4566 buius
2417 4499 2529 4585 (lorpe-

519 4580 562 4641 ris
583 4577 656 4645 Vol
678 4577 743 4642 Vll.
764 4602 795 4663 p.
815 4586 994 4645 575-579.
1018 4580 1151 4643 exhibita
1173 4586 1232 4643 est.

633 4834 661 4902 ·)
679 4839 749 4891 Haec
766 4846 883 4903 spectant
899 4841 933 4892 ad
951 4841 1015 4894 illud
1032 4842 1203 4894 enarrationis
1222 4839 1382 4912 Graetpert
1397 4842 1497 4895 britium
1517 4844 1563 4909 (de
1580 4843 1681 4897 indietis
1700 4843 1873 4909 synodomn)
1892 4857 1915 4898 a.
1936 4847 2009 4899 1519.
2029 4846 2135 4900 editum.

618 4935 659 5004 ³)
676 4942 745 4994 Haec
761 4944 806 4995 Fa.
824 4945 857 4996 ab
875 4946 990 4998 Hirscbto
1007 4946 1033 4998 in
1050 4945 1144 4998 lttllen.
1163 4944 1203 4997 111.
1221 4957 1245 5009 p.
1262 4947 1304 4998 95.
1321 4956 1360 4997 nr.
1378 4947 1439 4999 979.
1458 4950 1485 4999 et
1502 4959 1518 4999 a
1536 4948 1662 5002 Strobelia
1681 4947 1734 4999 1.1.
1753 4960 1777 5012 p.
1790 4950 1845 5002 155.
1856 4949 1986 5002 recensita
2003 4951 2132 5005 inventur
2149 4950 2175 5004 tn
2193 4952 2313 5005 abann.
2324 4949 2529 5022 omeliarum.

609 5040 662 5109 ···)
679 5045 749 5099 llaec
765 5045 809 5099 ed
829 5046 855 5100 ln
871 5048 987 5101 Btbltotta
1004 5052 1089 5102 senat.
1106 5049 1218 5103 Norimb.
1236 5053 1263 5101 et
1279 5049 1306 5101 tn
1322 5049 1388 5102 mels
1405 5048 1477 5102 libris
1495 5053 1544 5103 est

1355 5410 1425 5419 -ι
1428 5408 1702 5423 -ι-ι--ι--ὺ
