5892 6709
463 668 528 743 4⁰7

463 855 619 935 affectus,
653 857 774 942 quibus
797 868 907 920 tamen
937 867 1122 940 repugnant
1144 855 1267 932 renati,
1299 850 1447 918 etmulti

463 939 581 1029 lapsus
604 943 812 1029 ignorantiae
834 953 867 1006 et
890 943 1090 1006 antissionis.

551 1029 731 1093 Hiberiam
754 1047 895 1092 necesse
927 1038 980 1091 est
1007 1039 1122 1091 taxare
1149 1037 1269 1090 tet-rum
1299 1044 1446 1090 errorem

463 1114 724 1192 Monaehorum,
759 1116 813 1199 qui
847 1111 979 1176 nimium
1012 1123 1234 1175 extenuarant
1271 1123 1445 1195 peccatum

463 1199 615 1278 Veniale‚
638 1214 671 1266 et
694 1199 857 1263 linxerunt
879 1217 956 1261 esse
978 1200 1144 1261 actionem
1167 1209 1300 1282 praeter
1321 1196 1445 1280 Legem

462 1285 548 1363 Dei,
569 1307 636 1350 non
659 1297 776 1349 contra
799 1284 925 1370 Legem
947 1281 1022 1348 Dei.
1067 1283 1139 1346 Nos
1174 1285 1318 1346 sciaurus
1349 1284 1446 1345 etiam

462 1372 549 1437 haec
581 1392 667 1458 quae
699 1373 732 1435 iu
766 1374 888 1435 renatis
922 1373 1132 1434 nominantur
1167 1366 1333 1447 Venialia,
1366 1387 1444 1431 esse

462 1455 549 1524 raala
567 1455 749 1542 pugnantia
772 1477 847 1521 cum
869 1453 961 1540 Lege
978 1453 1054 1531 Dei,
1078 1467 1114 1518 ut
1136 1456 1370 1532 dubitationes,
1395 1474 1446 1516 er·

462 1556 576 1608 rantes
596 1543 956 1608 llanrmaevitiosormn
980 1541 1167 1620 affectuum,
1191 1542 1313 1626 quibus
1335 1551 1446 1604 tannen

461 1629 568 1706 renati
593 1641 791 1716 repugnant.
822 1627 963 1699 Quando
982 1639 1092 1690 autem
1114 1626 1148 1690 bi
1171 1627 1225 1712 qni
1247 1622 1377 1690 fuerant
1394 1645 1445 1688 re·

461 1717 542 1792 nati,
575 1713 732 1778 labuntur
767 1726 884 1777 cotnra
917 1714 1172 1790 conscientiam,
1206 1723 1263 1776 aut
1295 1713 1446 1775 amittunt

461 1797 722 1876 fundatrrcntum,
745 1801 777 1865 id
801 1811 865 1877 est,
888 1801 1115 1863 assentiuntur·
1134 1799 1251 1880 irrrpiae
1274 1797 1445 1861 doctrinae

463 1898 579 1951 contra
591 1881 751 1949 articulos
764 1883 851 1961 fidei,
874 1906 934 1949 sen
951 1886 1138 1970 ignorantia
1155 1881 1332 1947 defendant
1345 1879 1444 1961 falsa,

462 1991 524 2038 seu
547 1974 706 2048 scientes,
730 1983 866 2056 propter
889 1969 967 2034 tolia
985 1968 1072 2034 lacta
1096 1968 1211 2054 lapsus
1234 1967 1351 2032 anrittlt
1369 1989 1445 2053 gra·

460 2059 540 2122 tiam
564 2068 596 2122 et
619 2057 777 2142 Spiritum
799 2070 963 2134 sanctum,
985 2057 1018 2120 ct
1041 2077 1158 2120 rursus
1182 2055 1217 2119 lit
1239 2075 1318 2119 reus
1341 2068 1445 2118 aeter-

461 2165 524 2208 nae
546 2163 689 2228 poenae,
714 2155 748 2208 et
769 2144 834 2207 ruit
856 2143 889 2205 in
912 2155 1068 2206 aeternos
1088 2141 1268 2218 cruciatus,
1293 2139 1354 2204 nisi
1375 2162 1445 2205 rur-

433 2288 435 2293 .
462 2249 522 2295 sus
542 2229 603 2292 liat
625 2230 803 2294 conversio
834 2230 876 2292 ad
901 2227 1023 2292 Deum:
1058 2225 1150 2292 Talis
1181 2224 1298 2311 lapsus
1327 2228 1444 2290 iterum

462 2329 513 2379 est
527 2336 672 2402 regnans
684 2324 869 2400 peccatum,
881 2326 913 2377 et
925 2315 1113 2378 nominatur
1123 2310 1277 2389 Mortale,
1289 2311 1443 2390 Actuale,

462 2403 552 2488 qood
585 2413 636 2466 est
670 2398 820 2465 uidelicet
862 2401 950 2465 actio
991 2401 1144 2475 interior,
1188 2419 1247 2464 seu
1288 2399 1445 2478 exterior,
1523 2463 1526 2468 ,

460 2508 616 2574 pugnans
641 2508 715 2551 cum
737 2485 917 2571 LegeDci,
941 2484 1030 2550 fact-a
1054 2499 1169 2550 contra
1193 2487 1444 2563 conscientiam,

461 2594 522 2637 seu
556 2596 651 2637 error
686 2575 717 2636 in
751 2571 893 2636 articulo
929 2573 1039 2651 Fidei,
1074 2584 1211 2656 propter
1243 2592 1328 2657 quac
1357 2567 1446 2634 mala

459 2657 576 2743 lapsus
600 2680 716 2724 tarsus
739 2657 774 2720 lit
797 2659 873 2721 reris
897 2671 1052 2722 aeternae
1074 2660 1155 2735 irae,
1189 2658 1252 2720 nisi
1286 2658 1342 2720 liat
1366 2677 1444 2720 con·

461 2748 595 2811 versic..
644 2745 743 2817 Quod
777 2746 862 2809 enirn
896 2742 997 2828 aliqui
1033 2744 1252 2821 contendunt,
1274 2754 1322 2813 ,ut
1355 2742 1445 2806 Ana·

461 2833 639 2916 baptistae,
662 2842 695 2894 et
712 2827 779 2905 alii,
801 2826 908 2894 semel
930 2839 1064 2893 renatos
1084 2850 1151 2893 non
1174 2848 1277 2914 posse
1295 2829 1445 2893 amittere

462 2918 614 3003 gratiam,
636 2928 670 2980 et
688 2916 842 2999 Spiritum
860 2927 1024 2992 sanctum,
1040 2911 1241 2979 manifestus
1264 2934 1359 2979 error
1377 2925 1445 2991 est,

462 3015 495 3068 et
513 3004 705 3067 riccesaario
723 3001 1128 3083 reprelneurleudus,.ideo
1145 2998 1320 3066 manifesta
1337 3019 1445 3064 esern-

460 3085 519 3175 pla
539 3089 678 3162 addam,
714 3087 819 3152 Adam
847 3099 881 3151 et
902 3086 975 3150 Eva
1003 3099 1099 3150 erant
1120 3084 1276 3170 templum
1297 3085 1380 3164 Dei,
1412 3096 1446 3150 ct

462 3186 560 3241 erant
581 3171 696 3251 electi,
726 3184 892 3236 ettamen
914 3192 1032 3236 revera
1058 3175 1092 3236 in
1115 3170 1212 3256 lapsu
1233 3174 1345 3240 aversi
1368 3182 1447 3236 sunt

460 3282 483 3326 a
503 3258 591 3338 Deo,
612 3271 647 3323 et
668 3260 840 3323 desierunt
862 3278 940 3322 esse
958 3255 1113 3341 templum
1126 3257 1200 3336 Dei,
1219 3270 1252 3324 et
1274 3256 1353 3323 sacti
1370 3268 1447 3321 sunt

366 3371 368 3376 ·
461 3347 511 3411 rei
540 3358 696 3410 aeternae
719 3346 810 3422 irae,
844 3346 935 3411 Sicut
958 3345 1061 3428 inquit
1083 3342 1226 3408 Paulus:
1261 3344 1327 3408 Per
1348 3345 1445 3407 nnius

461 3430 606 3498 hominis
628 3443 801 3513 peccatum
824 3431 958 3495 intravit
980 3451 1070 3495 mors
1093 3442 1158 3494 etc.
1192 3428 1291 3495 Dent.
1311 3429 1343 3494 9.
1376 3429 1445 3494 Ad·

462 3529 584 3583 versus
607 3515 776 3579 Aaronem
798 3515 898 3580 valde
929 3518 1031 3580 iratus
1055 3527 1108 3579 est
1128 3514 1310 3594 Donrinus,
1332 3526 1368 3580 ut
1389 3517 1446 3578 de·

460 3600 553 3672 leret,
568 3624 654 3679 euni,
677 3601 739 3666 sad
760 3622 821 3683 pro
845 3622 884 3664 eo
907 3613 1063 3684 precatur
1084 3600 1222 3672 llloises.
1252 3600 1369 3664 lllatth.
1394 3602 1444 3665 1⁶2.

463 3688 605 3762 Quando
628 3687 813 3752 immundus
832 3688 975 3771 Spiritus
995 3706 1155 3773 egressus
1174 3699 1226 3751 est
1243 3688 1285 3750 ab
1302 3687 1446 3763 homine,

461 3776 553 3841 uadit
575 3795 636 3859 per
657 3771 735 3837 loca
762 3773 854 3836 arida
876 3785 941 3836 etc.
963 3773 995 3837 2.
1040 3771 1112 3836 Pet.
1136 3773 1168 3837 2.
1203 3770 1285 3838 Cum
1309 3772 1360 3849 bi,
1390 3774 1446 3857 qni

461 3859 651 3947 clllrgerant
682 3860 930 3942 inquinamenta
961 3860 1073 3941 mundi
1104 3860 1273 3946 agnitione
1311 3857 1445 3924 Domini

463 3959 527 4016 etc.
550 3945 646 4010 llam.
658 3944 690 4010 8.
715 3945 751 4007 Si
775 3947 958 4009 secundum
981 3963 1115 4009 caraem
1140 3946 1304 4023 riseritis,
1327 3946 1444 4024 morie·

460 4035 557 4111 mini,
579 4034 632 4096 sin
654 4044 763 4096 autem
785 4033 936 4096 actiones
960 4032 1071 4100 carnis
1097 4033 1216 4116 spiritu
1234 4031 1444 4096 mortificabi-

459 4121 517 4197 lis,
536 4118 667 4183 vivetis.
711 4116 748 4181 ln
769 4115 837 4196 boc
861 4120 949 4182 dicto
972 4118 1150 4202 perspicue
1168 4119 1307 4182 traditur
1328 4119 1444 4181 discri-

461 4227 537 4272 men
559 4206 646 4269 inter
668 4208 819 4288 peccata,
842 4225 928 4289 quae
951 4215 1029 4269 sunt
1049 4205 1083 4266 in
1102 4205 1239 4281 renatiS,
1262 4205 1316 4289 qui
1336 4217 1444 4268 tamen

459 4291 604 4355 retinent
626 4291 777 4375 gratiam,
799 4301 833 4354 et
855 4290 1011 4374 Spiritum
1034 4303 1204 4368 sanctum,
1225 4302 1259 4354 et
1280 4287 1346 4353 alia
1367 4310 1444 4372 pec·

464 4388 541 4442 cata
574 4389 711 4460 propter
745 4396 832 4461 qnae
864 4377 1022 4439 amittitur
1050 4377 1168 4460 gratia.
1212 4372 1311 4440 Tales
1333 4388 1445 4439 autem

461 4462 568 4548 inquit
591 4463 733 4526 retinere
755 4462 913 4546 Spiritum
942 4473 1111 4537 sanctum,
1135 4462 1191 4546 qui
1212 4462 1343 4526 vitiosis
1366 4460 1444 4525 alle·

462 4550 574 4614 ctibus
596 4561 799 4633 repugnant,
831 4548 864 4610 id
888 4560 957 4620 est,
980 4548 1037 4631 qul
1058 4548 1200 4611 retinent
1223 4549 1342 4612 bonam
1366 4567 1445 4612 con·

460 4631 646 4712 scientiam,
668 4634 756 4698 sicut
778 4631 855 4698 alibi
879 4634 997 4719 inquitt
1040 4630 1147 4697 Milite
1169 4634 1290 4698 bonam
1309 4632 1445 4697 militam

460 4721 612 4784 retinens
635 4717 732 4783 fidem
755 4731 789 4784 et
812 4722 932 4784 bonam
955 4720 1206 4786 conscientiam.
1241 4718 1366 4785 Contra
1390 4739 1445 4783 ve·

461 4827 501 4871 ro
524 4825 591 4870 non
610 4807 790 4869 retinentes
814 4806 913 4870 lidenr
935 4818 966 4870 et
990 4808 1110 4870 bonam
1124 4807 1374 4881 conscientiam,
1397 4807 1445 4868 in·

463 4891 603 4979 dulgent
625 4892 754 4956 vitiosis
773 4890 958 4972 affectibus,
981 4914 1047 4957 non
1061 4905 1258 4977 repugnant,
1269 4889 1354 4958 tales
1367 4912 1445 4955 con·

461 4979 679 5055 denotantur,
714 4977 799 5042 haee
831 4979 994 5044 scrutentia
1017 4977 1206 5043 firmissime
1228 4980 1371 5044 tenenda
1393 4990 1445 5043 est

463 5065 493 5130 1.
517 5063 668 5130 Corintln
686 5062 718 5128 6.
742 5062 852 5128 Nolite
870 5085 992 5135 errare,
1015 5085 1124 5150 neque
1146 5063 1368 5143 scortatores,
1390 5086 1446 5129 ne·

461 5172 528 5238 qua
556 5147 697 5216 adulteri
728 5160 792 5215 etc.
825 5162 860 5215 et
891 5148 1037 5237 loquitur
1071 5153 1113 5216 da
1135 5148 1205 5229 lris,
1240 5151 1348 5218 donec
1370 5161 1447 5217 sunt

463 5235 569 5317 tales,
601 5257 665 5303 nec
699 5236 827 5302 reversi
859 5249 938 5302 sunt
973 5238 1016 5302 ad
1037 5235 1146 5304 Deum
1171 5258 1233 5323 per
1255 5238 1446 5306 conversio·

463 5344 551 5392 nem.

551 5408 605 5475 Ad
629 5409 718 5475 hunc
737 5410 877 5498 gradum
895 5410 1064 5495 pertinere
1081 5411 1158 5488 dixi,
1177 5406 1447 5496 quiamplectnn·

464 5510 520 5562 tur
541 5516 689 5562 errorem
712 5500 745 5564 in
768 5495 881 5584 aliquo
904 5494 1045 5563 articulo
1068 5497 1163 5573 fidei,
1196 5497 1267 5560 sira
1289 5496 1447 5572 seientes,

462 5583 538 5651 slve
560 5584 774 5671 ignorantes,
806 5587 884 5671 quia
907 5584 1098 5672 ignorantia
1125 5580 1280 5648 affectata
1300 5603 1368 5648 non
1391 5601 1447 5654 aa·

1095 633 1333 730 rnm‘nan.
1357 663 1546 730 scalers
1567 661 1848 728 coarmatos.

2350 717 2363 731 .
2415 659 2483 728 aba

1499 863 1594 917 cusat
1616 849 1781 916 delictum.
1826 849 1900 917 Huc
1921 852 2088 936 pertinent
2105 851 2211 915 dictat
2235 849 2300 923 Qui
2318 871 2386 918 non
2409 873 2481 918 cre·
2512 861 2515 866 ’

1499 940 1556 1016 dit,
1578 941 1642 1002 iam
1666 940 1829 1002 iudicatus
1852 949 1915 1002 est.
1959 938 2220 1002 Fundamentum
2243 934 2332 1001 aliud
2355 959 2483 1021 ponere

1497 1043 1595 1088 nenio
1618 1036 1741 1108 potest,
1764 1035 1898 1108 praeter
1918 1025 2052 1109 idquod
2074 1024 2216 1108 positum
2235 1037 2297 1100 est,
2319 1026 2409 1109 quod
2429 1034 2484 1089 est

1499 1109 1654 1182 Clnn‘stus
1677 1110 1780 1174 lesus.
1825 1109 1916 1172 ldem
1944 1111 1987 1172 de
2014 1108 2167 1172 affectata
2197 1111 2378 1174 omissione
2402 1111 2483 1176 dici-

1498 1208 1561 1273 tnr,
1583 1195 1668 1258 Nam
1692 1198 1785 1259 etde
1808 1194 1930 1259 officiis
1952 1192 2068 1281 regula
2096 1195 2217 1259 tradita
2240 1208 2306 1261 esta
2335 1195 2408 1262 lloc
2432 1218 2483 1263 re-

1498 1283 1647 1367 quiritur,
1670 1291 1706 1344 ut
1729 1280 1846 1345 fideles
1870 1283 1986 1359 simus,
2010 1282 2042 1346 id
2065 1293 2129 1358 est,
2152 1282 2337 1347 babeamus
2360 1284 2483 1349 l'roae·

1498 1369 1589 1432 resin
1608 1379 1639 1429 et
1664 1379 1819 1431 conatum
1842 1378 1932 1431 recte
1954 1363 2097 1432 faciendi
2120 1364 2267 1432 officium
2289 1379 2322 1433 et
2344 1366 2482 1456 diligen·

1499 1454 1585 1518 tiam.
1606 1452 1711 1530 .ltem,
1731 1452 1802 1517 Vae
1815 1451 1903 1531 mibi,
1925 1457 1955 1520 si
1966 1475 2032 1517 non
2045 1450 2294 1538 Evangelizem,
2316 1453 2481 1522 etltatth.

1496 1539 1549 1602 25.
1578 1540 1670 1604 iubet
1692 1537 1857 1603 Dominus
1886 1541 1920 1602 in
1944 1541 2099 1604 tenebras
2129 1539 2251 1604 eiicere
2277 1545 2482 1608 servatam-

1496 1623 1621 1703 utilem,
1643 1625 1859 1709 quamobrem
1881 1626 2048 1709 principes
2060 1623 2217 1709 Episcopi
2241 1626 2482 1694 etinnuruera-

1497 1709 1582 1774 biles
1604 1708 1659 1774 alii
1681 1710 1899 1774 adversantes
1923 1712 2072 1788 veritati,
2096 1732 2304 1798 nequaquam
2326 1725 2404 1777 sunt
2427 1735 2482 1778 ex·

1498 1798 1604 1861 casati
1628 1797 1825 1882 ignorantia,
1847 1797 1908 1860 sed
1925 1793 2010 1860 haec
2024 1797 2097 1881 ipsa
2115 1798 2302 1882 ignorantia
2321 1798 2483 1866 horribile

1498 1893 1550 1946 est
1572 1893 1757 1966 peccatum,
1782 1883 1858 1967 quia
1881 1885 2068 1947 mandatum
2083 1881 2144 1947 Dei
2167 1881 2359 1949 universale
2371 1897 2404 1949 et
2421 1887 2482 1952 im·

1498 1980 1620 2031 motum
1643 1979 1706 2048 est,
1728 1977 1765 2032 nt
1787 1988 1901 2031 ‹inirres
1924 1967 2075 2033 homines
2092 1981 2278 2054 agnoscant
2296 1981 2329 2034 et
2344 1974 2482 2038 audiant

1497 2052 1613 2117 Filium
1636 2053 1718 2131 Dei,
1751 2055 1841 2117 iuxta
1863 2055 1966 2118 dicta:
1996 2055 2059 2118 llic
2081 2067 2134 2119 est
2155 2054 2259 2120 Filius
2282 2078 2376 2122 inens
2399 2056 2481 2123 dile·

1497 2151 1583 2217 clia,
1606 2140 1696 2204 lrurtc
1718 2141 1840 2204 erudite.
1875 2139 2040 2205 Psalmfl.
2062 2139 2106 2206 Et
2128 2162 2216 2206 nune
2239 2162 2339 2228 reges
2361 2143 2480 2209 intelli·

1497 2227 1573 2311 gite.
1598 2226 1709 2290 lobon.
1727 2225 1776 2288 16.
1800 2225 1942 2307 Spiritus
1961 2239 2080 2311 arguet
2096 2230 2252 2293 mundum
2266 2231 2309 2294 de
2324 2243 2482 2315 peccato,

1498 2312 1588 2397 quod
1609 2332 1677 2377 non
1699 2312 1837 2376 credunt
1859 2313 1893 2377 in
1914 2333 1977 2378 me.

1857 2644 1932 2726 nu
1963 2641 2117 2728 naeu.
2154 2609 2162 2626 '

1583 2857 1681 2932 Quod
1703 2856 1787 2924 haec
1805 2856 1880 2923 sola
1924 2881 1980 2924 ars
2000 2859 2292 2946 generishnmani,
2316 2885 2481 2949 quaeam-

1496 2944 1651 3030 plectitur
1683 2946 1868 3009 doctrinam
1900 2882 2136 3030 l²roplretieam
2171 2959 2204 3012 et
2236 2949 2480 3034 Apostolicam,

1497 3033 1539 3095 sit
1561 3029 1716 3096 Ecclesia
1738 3029 1821 3110 Dei,
1850 3043 1883 3096 et
1905 3033 1995 3117 quod
2022 3035 2056 3098 in
2078 3033 2142 3096 hac
2171 3032 2377 3100 multitudine
2405 3034 2483 3102 sola

1497 3120 1564 3182 sint
1575 3115 1674 3184 electi
1685 3118 1729 3181 ad
1747 3115 1888 3182 salutem
1906 3132 2088 3196 aeternam,
2110 3118 2241 3184 illustre
2257 3125 2483 3190 testimoninm

1498 3216 1569 3282 est,
1593 3206 1683 3289 quod
1705 3223 1837 3286 semper
1859 3201 1933 3268 sola
1954 3202 2039 3268 haec
2060 3225 2140 3288 pars
2163 3207 2296 3272 retinuit
2317 3209 2482 3296 integram

1497 3291 1681 3355 doctrinam
1704 3286 1791 3375 legis
1802 3286 1953 3368 bloralis,
1977 3291 2102 3355 Omnes
2124 3289 2210 3356 aliae
2248 3305 2341 3358 entes
2361 3317 2482 3381 appro-

1496 3377 1662 3442 baverunt
1706 3378 1845 3442 uaedam
1873 3375 2005 3441 scelera
2028 3379 2197 3442 contraria
2252 3378 2410 3452 ecalo⁰o‚
2444 3394 2484 3448 ut

1496 3460 1605 3528 cultus
1628 3398 1807 3539 idolorum,
1830 3474 1864 3525 et
1885 3484 1991 3548 vagas
2014 3484 2056 3527 ac
2078 3477 2185 3529 tetras
2207 3433 2370 3532 libirlineso.
2414 3466 2481 3534 Ro·

1496 3548 1582 3614 niani
1618 3550 1715 3612 ctiam
1743 3550 2015 3634 approbaverunt
2046 3548 2224 3615 homicidia
2246 3549 2481 3638 gladiatorum.

1495 3633 1570 3698 Hoc
1592 3634 1816 3698 testimonium
1838 3636 1879 3698 de
1889 3631 2047 3700 Ecclesia
2064 3637 2326 3718 consideremus,
2349 3640 2481 3705 etscia·

1496 3743 1570 3784 nius
1593 3739 1725 3803 semper
1747 3720 1779 3783 in
1799 3739 1879 3784 vera
1900 3719 2055 3787 Ecclesia
2077 3723 2152 3787 inde
2174 3743 2282 3810 usqae
2303 3727 2345 3789 ab
2371 3725 2482 3792 Adam

1494 3803 1600 3870 luisse
1620 3806 1782 3891 integram
1805 3826 1922 3870 vocem
1945 3804 2031 3894 legis
2053 3805 2202 3890 llloralis‚
2225 3823 2259 3873 et
2279 3811 2312 3873 in
2325 3809 2482 3878 Ecclesia

1495 3910 1629 3975 semper
1650 3893 1852 3955 retinendam
1871 3911 1960 3967 essa,
1985 3895 2015 3958 ei
2038 3905 2128 3958 recte
2147 3896 2189 3959 de
2211 3895 2303 3960 Leo-e
2327 3895 2481 3963 etEvan-

1496 3976 1596 4064 gello,
1619 3990 1654 4042 et
1675 3978 1717 4042 de
1739 3979 1931 4043 discrimine
1952 3980 2053 4066 Legis
2076 3992 2110 4045 et
2131 3947 2306 4070 Evangelii
2327 3981 2482 4050 homines

1496 4066 1668 4130 docendos
1690 4083 1777 4129 esse.

1582 4218 1738 4284 Secundo
1782 4238 1923 4284 necesse
1964 4231 2025 4307 est¹
2056 4222 2143 4285 scire
2183 4223 2323 4289 usitatas
2365 4226 2481 4291 distin·

1497 4307 1636 4370 ctiones.
1688 4302 1785 4368 Aliae
1813 4319 1891 4370 sunt
1923 4306 2034 4393 Leges
2063 4308 2213 4388 divinae,
2247 4308 2332 4375 aliae
2364 4309 2480 4378 huma·

1496 4411 1570 4455 nae.
1615 4390 1716 4476 Legis
1747 4393 1877 4457 divinae
1904 4406 2018 4477 partes
2047 4403 2118 4458 tres
2148 4398 2374 4461 nominantur:
2407 4397 2482 4463 Lex

1496 4474 1646 4556 Illoralis,
1670 4476 1907 4543 Gererrmnialis
1929 4490 1963 4542 et
1978 4476 2153 4543 ludicialis.
2187 4482 2273 4554 Quid
2288 4484 2354 4547 sint
2369 4497 2481 4549 autem

1496 4563 1607 4647 Leges
1630 4562 1877 4628 Cerernoniales
1899 4577 1931 4628 et
1953 4562 2129 4630 ludiciales
2150 4585 2213 4631 seu
2241 4566 2421 4648 Forenses,
2445 4581 2482 4635 et

1496 4669 1600 4734 quare
1619 4652 1760 4714 traditae
1783 4662 1817 4713 et
1838 4670 1954 4715 rursus
1977 4647 2121 4715 abolitae
2145 4655 2228 4732 sint,
2262 4667 2383 4740 postea
2406 4658 2479 4720 bre·

1496 4736 1632 4801 tissime
1655 4738 1781 4815 dicam,
1804 4757 1893 4801 nuuc
1923 4738 2015 4821 prius
2038 4737 2225 4804 definienda
2251 4751 2303 4804 est
2324 4739 2478 4807 bloralis.

1583 4887 1656 4956 Lex
1676 4888 1761 4967 Dei,
1786 4910 1870 4975 quae
1891 4892 2079 4966 nominatur
2108 4892 2225 4977 puen‘li
2246 4896 2381 4961 nomina
2407 4895 2482 4962 Lex

1497 4973 1656 5053 llloralis,
1690 4976 1751 5040 Est
1774 4977 1936 5059 sapientia
1956 4991 2094 5043 aeterna
2117 4992 2149 5044 et
2178 4983 2313 5047 immota
2334 4983 2369 5046 in
2391 4980 2482 5064 Deo,

1498 5073 1533 5128 et
1564 5081 1680 5125 norma
1712 5062 1856 5127 iustitiae
1889 5064 1921 5128 in
1954 5061 2126 5132 voluntate
2159 5065 2242 5146 Dei,
2281 5070 2482 5135 discernens

1498 5151 1587 5213 bona
1608 5159 1643 5211 et
1662 5145 1761 5225 mala,
1785 5169 1870 5234 quae
1886 5162 1940 5214 est
1955 5148 2122 5234 patefacta
2138 5153 2290 5219 rationali
2306 5168 2481 5223 creaturae
2526 5220 2530 5229 ,

1497 5236 1531 5298 in
1554 5236 1735 5310 creatione,
1757 5247 1877 5317 postea
1899 5257 2001 5321 saepe
2023 5240 2164 5323 repetito
2187 5252 2258 5320 est,
2288 5253 2321 5305 et
2351 5243 2482 5309 sancita

1497 5339 1585 5384 voce
1606 5320 1718 5383 divina
1739 5321 1772 5384 in
1796 5319 1962 5401 Ecclesia,
1986 5323 2169 5389 ostendens
2192 5328 2281 5412 quod
2305 5328 2349 5392 sit
2371 5326 2481 5407 Deus,

1498 5415 1532 5469 et
1563 5402 1671 5490 quallis
1694 5408 1753 5484 sit,
1782 5418 1815 5471 et
1842 5409 1932 5493 quod
1954 5411 1997 5473 sit
2027 5409 2143 5489 ludex,
2178 5410 2333 5499 obligans
2363 5434 2481 5480 orienes

1498 5489 1678 5558 rationales
1702 5505 1890 5574 creaturas,
1912 5505 1949 5560 ut
1970 5497 2037 5560 slat
2058 5492 2249 5564 conformes
2273 5497 2320 5563 illi
2343 5521 2482 5566 normae

1496 5574 1574 5658 Dal,
1596 5590 1630 5644 et
1650 5580 1814 5646 damam
1835 5601 1973 5662 omnes,
1994 5601 2037 5648 ac
2058 5581 2258 5651 denuntians
2286 5584 2482 5654 horribilem
