5892 6709
1061 541 1072 572 Ι

466 646 529 713 291

465 830 743 920 AtEvangelium
765 851 827 898 seu
872 832 1028 898 remissio
1051 834 1178 918 gratiae
1201 841 1234 895 et
1255 826 1450 895 reconcilia·

466 919 580 1000 tionis,
603 940 673 984 non
695 929 749 984 est
768 940 837 984 vox
848 854 970 1004 legis,
993 930 1026 983 et
1047 938 1256 1002 nequaquam
1278 918 1451 988 nobiscum

465 1008 628 1073 nescitum.
672 1005 739 1071 Sed
760 1000 932 1091 singulare
953 1016 987 1069 et
1007 1003 1191 1068 mirandum
1213 1003 1383 1069 decretum
1402 1003 1449 1066 di·

465 1093 615 1158 vinitatis
626 1088 751 1156 lactum
764 1091 964 1175 deprecante
975 1109 1037 1175 pro
1055 1090 1153 1154 nobis
1166 1087 1264 1166 Filio,
1287 1099 1321 1153 et
1331 1099 1451 1173 postea

464 1176 633 1264 prolatum
665 1198 707 1242 ex
738 1173 798 1240 illo
831 1196 955 1240 arcano
986 1172 1148 1253 consilio,
1181 1176 1223 1239 de
1256 1175 1452 1240 remissione

465 1275 691 1351 peecatorum,
715 1274 748 1326 et
771 1263 812 1325 de
833 1261 1041 1327 restitutione
1067 1260 1210 1326 iustitiae
1232 1270 1266 1325 et
1287 1262 1374 1327 vitae
1396 1280 1451 1326 ae·

465 1358 594 1431 tanae,
617 1361 653 1414 ut
675 1348 794 1413 deinde
811 1348 928 1412 dicam.

520 1485 619 1552 Nunc
636 1504 718 1550 vero
741 1484 834 1550 initio
855 1485 1010 1572 ponenda
1031 1494 1086 1549 est
1106 1481 1209 1570 Legis
1232 1482 1390 1549 definitio.

496 1791 498 1795 -
552 1739 626 1807 Lex
658 1751 712 1806 est
739 1742 890 1807 doctrina
917 1762 938 1806 a
964 1739 1040 1806 Deo
1067 1740 1209 1820 tradita,
1241 1740 1451 1827 praecipiens

466 1822 585 1915 quales
610 1847 676 1896 ,nos
706 1846 803 1906 esse,
836 1838 869 1892 et
897 1847 984 1912 quae
1015 1822 1148 1905 facere,
1181 1847 1268 1976 puae
1301 1828 1451 1892 omittere

467 1923 602 1997 oportet
633 1924 666 1979 et
693 1915 866 1999 requirens
898 1909 1082 1997 perfectam
1116 1915 1180 1978 obe
1205 1912 1335 1977 ientiam
1367 1932 1452 1999 erga

467 1995 589 2077 Deum,
612 2010 646 2063 et
666 2000 883 2084 pronuntians
899 1999 1000 2063 irasci
1018 1996 1298 2074 Deumomnibus
1312 2018 1452 2083 peccan-

466 2083 569 2163 tibus,
590 2094 623 2149 et
638 2086 755 2169 punire
772 2086 916 2151 aeternis
934 2085 1052 2170 poenis
1069 2105 1137 2151 non
1154 2095 1366 2169 praestantes
1376 2106 1452 2171 per·

466 2167 588 2237 lectam
611 2171 844 2236 obedientiam.

555 2306 653 2380 Quod
674 2317 783 2372 autem
806 2307 942 2387 dicitur,
968 2305 1105 2373 Tradita
1126 2326 1147 2372 a
1168 2306 1257 2384 Deo,
1280 2308 1314 2372 id
1335 2304 1454 2373 intelli·

468 2402 568 2480 gatur
588 2405 732 2479 utroque
752 2395 863 2473 modo,
885 2406 918 2459 et
933 2394 1097 2459 mentibus
1118 2390 1288 2459 bominum
1308 2395 1343 2459 in
1359 2414 1454 2460 crea·

469 2478 563 2544 tione
584 2480 694 2558 insita,
717 2490 751 2543 et
775 2490 895 2564 postea
916 2481 1027 2545 statim
1042 2498 1129 2545 voce
1151 2480 1261 2544 divina
1283 2500 1386 2566 saepe
1399 2500 1453 2546 re·

464 2564 584 2716 petita.
627 2564 713 2629 Nam
741 2566 773 2630 in
802 2568 878 2649 ipsa
907 2567 1094 2643 creatione,
1128 2585 1203 2631 cum
1229 2564 1324 2631 Deus
1350 2564 1453 2632 vellet

490 2651 633 2717 ominem
662 2669 739 2714 esse
772 2651 947 2735 imaginem
977 2651 1174 2729 conditoris,
1206 2652 1387 2717 transfudit
1418 2653 1452 2716 in

467 2756 543 2803 eum
570 2736 697 2800 radium
725 2736 907 2819 sapientiae
936 2747 969 2801 et
990 2736 1134 2801 iustitiae
1155 2757 1255 2816 suae,
1283 2738 1339 2822 qui
1361 2760 1454 2804 mon·

468 2832 593 2888 straret
613 2818 740 2900 Deum,
772 2832 804 2886 et
831 2833 923 2886 esset
944 2843 1061 2887 norma
1083 2842 1273 2907 congruens
1301 2843 1377 2891 cum
1405 2824 1452 2889 di·

469 2908 549 2973 vina
570 2919 691 2986 mente,
713 2908 909 2973 discernens
931 2908 1018 2972 iusta
1035 2918 1068 2972 et
1090 2909 1222 2975 iniusta.

552 3040 627 3108 Etsi
650 3056 760 3109 autem
783 3045 816 3108 in
839 3045 906 3110 bac
927 3045 1072 3109 humana
1096 3046 1239 3131 caligine
1260 3048 1453 3131 magnitudo

467 3126 597 3196 consilii
621 3131 722 3195 divini
747 3132 788 3195 de
812 3133 999 3208 creatione,
1021 3151 1088 3195 non
1110 3135 1194 3196 satis
1226 3133 1367 3218 cogitari
1393 3154 1453 3217 po·

466 3225 546 3296 test,
568 3227 679 3281 tamen
702 3214 812 3303 aliquo
830 3218 929 3282 modo
953 3218 1192 3283 exuscitandae
1214 3229 1293 3283 sunt
1313 3230 1453 3298 mentes,

466 3310 505 3368 ut
527 3304 709 3368 bonitatem
732 3304 876 3369 divinam
899 3305 1120 3368 considerent.

554 3453 687 3527 Quanta
708 3458 839 3522 bonitas
863 3470 930 3537 est,
949 3479 1048 3543 quam
1069 3456 1200 3523 illustre
1215 3459 1451 3539 testimonium,

464 3540 559 3692 guod
580 3540 674 3605 Deus
698 3538 814 3627 diligat
834 3543 1011 3608 humanam
1033 3555 1204 3621 naturam,
1232 3546 1322 3629 quod
1344 3556 1453 3608 trans·

483 3626 551 3711 dit
572 3626 605 3690 in
627 3626 805 3705 hominem,
828 3648 869 3692 ea
886 3632 1019 3713 quaein
1038 3630 1111 3711 ipsa
1130 3628 1195 3693 Dei
1211 3631 1357 3696 essentia
1375 3642 1453 3696 sunt

467 3712 604 3797 optima,
621 3711 752 3777 scilicet
773 3714 967 3797 sapientiam
989 3713 1076 3798 legis
1099 3725 1132 3778 et
1153 3715 1329 3795 iustitiam,
1353 3727 1386 3780 et
1409 3718 1453 3780 si·

466 3794 537 3864 mul
570 3798 728 3884 Spiritum
762 3812 914 3863 sanctum
943 3812 1108 3875 rectorem
1129 3799 1291 3866 humanae
1322 3803 1453 3881 mentis,

465 3880 650 3970 'voluntatis
674 3896 707 3948 et
729 3886 863 3950 cordis?
885 3886 941 3971 qui
966 3885 1108 3971 Spiritus
1129 3899 1286 3966 sanctus,
1311 3908 1385 3952 curn
1408 3890 1452 3953 si't

467 3969 556 4057 ignis
578 3972 702 4036 amoris
725 3971 845 4051 divini,
880 3974 1102 4037 certissimum
1124 3983 1175 4037 est
1198 3994 1313 4038 verum
1342 3986 1375 4038 et
1405 3975 1452 4038 in·

467 4066 601 4210 mem
629 4077 778 4123 amorem
806 4059 840 4122 in
861 4056 937 4124 Deo
961 4060 1134 4125 conditore
1163 4078 1243 4146 erga
1274 4058 1338 4125 hoc
1366 4081 1452 4145 opus

536 4162 586 4208 se.

559 4296 684 4362 Postea
706 4298 804 4363 etiam
826 4308 904 4383 post
924 4296 1054 4384 lapsum
1077 4320 1153 4363 cum
1174 4297 1338 4364 beneficia
1359 4300 1451 4385 prius

468 4382 559 4460 data,
583 4385 700 4468 partim
722 4404 864 4467 prorsus
887 4386 1043 4463 extincta,
1064 4386 1184 4471 partim
1206 4387 1386 4450 obscurata
1399 4406 1452 4450 es·

381 4521 383 4525 »
468 4479 561 4545 sent,
583 4482 616 4532 et
633 4480 668 4534 ut
690 4471 732 4533 de
755 4471 881 4536 viatore
910 4472 1030 4536 dicitur
1051 4472 1083 4536 in
1102 4470 1212 4549 Luca,
1237 4492 1311 4536 cum
1333 4474 1451 4556 partim

468 4551 621 4640 spoliati,
643 4558 762 4639 partim
790 4557 953 4622 vulnerati
976 4577 1144 4637 essemus,
1173 4558 1235 4621 etsi
1260 4556 1370 4646 caligo
1393 4557 1452 4624 ali·

468 4641 591 4726 quain
614 4654 722 4706 mente
744 4662 822 4709 esse
843 4644 963 4729 coepit,
985 4654 1095 4708 tamen
1117 4644 1238 4708 mansit
1259 4640 1370 4729 aliqua
1388 4643 1454 4711 Le·

470 4727 661 4814 gisnotitia,
683 4729 761 4812 quia
778 4727 873 4794 Dens
890 4729 962 4797 vult
978 4750 1017 4793 se
1039 4727 1313 4816 adhucagnosci,
1336 4728 1408 4795 vult
1419 4741 1452 4795 et

513 4824 641 4877 ecatum
665 4820 804 4899 agnosci
825 4837 866 4880 ac
888 4817 995 4903 argui,
1019 4813 1091 4881 vult
1113 4818 1210 4881 etiarn
1231 4819 1351 4895 vitam,
1372 4837 1451 4901 qua·

495 4920 645 4985 scunquc
672 4898 782 4965 adhuc
810 4915 878 4983 est,
911 4901 1086 4990 disciplina
1118 4904 1202 4990 regi.
1244 4901 1322 4967 ldeo
1340 4899 1451 4990 aliqua

468 4986 574 5074 Legis
597 4985 716 5051 notitia
737 4991 860 5053 mansit
877 4992 979 5056 etiam'
991 5001 1070 5076 post
1091 4986 1233 5076 lapsum.

555 5139 600 5206 Et
621 5141 699 5227 quia
721 5162 810 5206 nunc
832 5153 884 5207 est
901 5145 1087 5223 obscurior,
1108 5142 1204 5209 Deus
1220 5145 1293 5229 ipse
1310 5144 1451 5209 subinde

469 5228 581 5293 statim
608 5238 687 5313 post
718 5222 850 5313 lapsum
878 5228 1010 5315 singula
1043 5242 1224 5318 praecepta
1257 5249 1317 5295 sae
1341 5250 1360 5293 e
1387 5250 1451 5296 sua

470 5333 573 5394 voce,
607 5326 640 5379 et
661 5313 841 5381 horrendis
864 5314 1023 5416 exemplis
1045 5324 1228 5402 poenarum
1257 5252 1449 5384 declaravit.

556 5485 611 5551 Ac
633 5487 811 5576 diligenter
832 5488 1097 5556 considerandae
1125 5500 1203 5555 sunt
1225 5488 1329 5577 Legis
1357 5509 1451 5575 repe·

1095 641 1208 708 rau.
1231 639 1337 708 neu.
1361 599 1551 708 scaram
1570 641 1852 709 nonnanes.

2421 643 2489 712 299

1505 832 1617 899 divina
1637 833 1671 896 in
1695 832 1970 918 comprobatione
1984 840 2079 897 recte
2099 828 2281 912 iacturum,
2299 786 2338 897 ⁸et
2357 832 2393 898 iu
2409 853 2489 919 poe-

1503 920 1556 984 nis
1590 915 1806 999 delictorum,
1838 930 1875 984 ut
1910 917 1995 982 tien.
2023 918 2055 983 4.
2090 921 2350 1004 comprobantur
2384 940 2491 1005 opera

1502 1007 1598 1094 primi
1621 1007 1810 1091 praecepti,
1844 1005 1977 1091 quando
1998 1000 2095 1071 D'eus
2116 1001 2292 1071 manifesto
2314 1007 2414 1093 signo
2437 1027 2490 1074 re-

1505 1092 1582 1176 cipit
1604 1089 1806 1157 oblationem
1828 1088 1934 1168 Abel,
1969 1102 2003 1156 et
2024 1093 2182 1157 discernit
2207 1090 2413 1158 oblationem
2440 1091 2490 1159 la·

1505 1190 1592 1242 ctam
1614 1199 1688 1242 cunr
1711 1178 1829 1243 timbre
1853 1188 1887 1242 et
1907 1176 1993 1256 fide,
2015 1178 2060 1243 ab
2082 1175 2251 1244 oblatione
2278 1176 2491 1267 hypocritae,

1504 1266 1561 1351 qui
1582 1275 1636 1329 est
1656 1263 1872 1370 sinetlmore
1894 1273 1929 1327 et
1948 1264 2024 1330 sine
2044 1262 2120 1329 fide.

1589 1416 1716 1484 Postea
1737 1419 1836 1484 etiarn
1858 1418 2076 1503 prohibentur
2097 1419 2209 1484 odium
2229 1414 2345 1485 fratris
2372 1431 2409 1486 et
2427 1419 2490 1488 lto·

1503 1505 1686 1584 micidium,
1714 1515 1749 1570 et
1770 1502 1931 1590 generale
1957 1516 2172 1589 praeceptum
2204 1505 2362 1586 traditur,
2393 1508 2489 1594 quod

1503 1592 1638 1657 mandat
1666 1611 1782 1656 omnes
1811 1592 1951 1656 vitiosas
1979 1592 2199 1677 adpetitiones
2230 1589 2367 1659 lienari.
2416 1593 2518 1677 Sub,

1503 1689 1539 1743 te
1549 1678 1594 1741 sit
1609 1678 1776 1762 adpetitus
1798 1689 1889 1756 tuus,
1911 1689 1944 1743 et
1961 1688 1997 1743 tu
2014 1677 2192 1743 domineris
2208 1679 2324 1764 ipsius.
2355 1679 2487 1745 Deinde

1504 1763 1644 1848 repetita
1666 1775 1719 1828 est
1747 1763 1925 1848 prohibitio
1946 1762 2131 1844 homicidii,
2159 1765 2292 1850 qnando
2318 1763 2420 1832 Nolra
2446 1786 2490 1831 es

1503 1868 1773 2002 amittit
1791 1848 2505 2021 ibl120¹¹2l3ilt¹tttt¹¹'illidet'

2000 1989 2009 1999 ·
2254 1980 2265 2015 r

1503 2022 1538 2087 in
1561 2014 1697 2110 'carnem
1714 2042 1824 2100 unam,
1846 2022 1881 2087 id
1902 2032 1966 2104 cst,
1987 2041 2075 2088 unus
2096 2042 2181 2102 mas,
2205 2034 2239 2088 et
2259 2044 2327 2089 una
2343 2021 2489 2091 foemina

1505 2104 1769 2192 inseparabiliter
1789 2109 1975 2193 iungantur.
2019 2104 2062 2172 Et
2079 2129 2207 2193 poenae
2228 2107 2408 2175 horribiles
2429 2109 2489 2175 lto·

1505 2194 1626 2275 micidii
1649 2205 1684 2258 et
1709 2214 1871 2279 vagarum
1894 2192 2065 2262 libidinum
2087 2192 2342 2262 declaraverunt
2371 2195 2490 2263 volun·

1505 2289 1609 2431 tsatpm
1629 2279 1694 2344 Dei
1722 2281 1765 2345 ab
1794 2280 1905 2358 initio,
1927 2291 1964 2348 ut
1984 2282 2018 2347 iu
2041 2278 2178 2366 diluvio,
2201 2292 2235 2346 et
2255 2282 2291 2347 in
2312 2284 2490 2349 eversione

1533 2386 1685 2431 oonrae.

1589 2517 1714 2587 Postea
1746 2521 1875 2624 integre
1904 2532 1939 2586 et
1965 2519 2082 2585 ordine
2111 2521 2232 2586 tradita
2252 2534 2306 2589 est
2332 2520 2405 2590 Lex
2471 2545 2489 2588 r

1504 2604 1652 2679 Moisen,
1681 2617 1715 2671 ct
1737 2608 1933 2672 confirmata
1954 2602 2066 2672 multis
2087 2607 2279 2692 ingentibus
2306 2610 2410 2675 mirac
2446 2611 2489 2690 is,

1504 2704 1537 2757 et
1559 2712 1687 2758 summa
1709 2691 1812 2778 Legis
1833 2690 1970 2758 moralis
1992 2713 2077 2758 voce
2105 2691 2170 2758 Dei
2197 2694 2229 2758 in
2257 2705 2369 2760 monte
2396 2694 2490 2762 Sinai

1504 2779 1714 2864 pronuntiata
1736 2790 1801 2856 est,
1823 2790 1857 2843 et
1878 2780 2004 2864 scripta
2024 2781 2057 2843 in
2081 2781 2189 2844 sacris
2211 2778 2349 2846 Tabulis
2373 2781 2488 2847 divini·

1503 2875 1570 2943 tus,
1591 2865 1670 2951 quia
1691 2862 1797 2930 voluit
1819 2863 1913 2929 Deus
1936 2875 2052 2929 extare
2074 2863 2201 2951 Legem
2225 2867 2323 2931 etiem
2350 2869 2383 2931 in
2407 2868 2489 2932 scri·

1503 2962 1574 3036 pto,
1598 2963 1632 3016 et
1653 2951 1779 3016 addidit
1800 2947 1978 3031 miracula,
2000 2962 2182 3016 etcertum
2204 2953 2248 3016 sit
2267 2950 2356 3019 banc
2378 2952 2489 3040 legem

1505 3056 1582 3102 esse
1614 3055 1766 3103 nonnam
1794 3047 1963 3102 aetcmam
1984 3037 2096 3103 iudicii
2118 3038 2237 3119 divini,
2271 3051 2396 3110 contra
2410 3059 2489 3125 pec-

1505 3135 1625 3188 catum.
1692 3171 1700 3183 .
2019 3142 2023 3150 ’

1585 3275 1634 3342 -Ει
1654 3288 1775 3362 postea
1795 3278 1829 3342 in
1851 3287 1922 3342 toto
1944 3297 2069 3362 genere
2091 3277 2235 3343 humano
2261 3275 2390 3384 poenam
2411 3297 2486 3346 sce·

1504 3361 1611 3429 lerum
1634 3364 1788 3429 omnibus
1810 3365 1977 3429 aetatibus
2007 3376 2087 3428 sunt
2108 3366 2299 3429 testimonia
2318 3364 2418 3431 huius
2441 3367 2497 3432 iu··

1505 3450 1580 3514 dicii
1608 3450 1718 3515 divini.
1764 3448 1977 3536 Regulariter
2009 3452 2097 3514 enim
2125 3452 2256 3516 atrocia
2278 3450 2399 3516 delicta
2427 3475 2488 3538 pu·

1504 3538 1639 3600 niuntur
1661 3537 1831 3601 atrocibus
1857 3539 1975 3622 poenis
2003 3536 2036 3600 in
2064 3534 2129 3601 hae
2151 3538 2236 3617 vita,
2268 3548 2307 3603 ut
2334 3538 2488 3606 homiues

1505 3620 1761 3688 commonebant
1783 3623 1825 3688 de
1846 3623 1968 3689 iudicio
1986 3622 2061 3687 Dei.

1590 3771 1778 3862 Diligenter
1799 3796 1882 3862 ergo
1903 3778 1938 3842 in
1961 3776 2151 3843 delinitione
2174 3797 2213 3841 as
2238 3778 2380 3844 iciantur
2399 3777 2487 3845 baec

1504 3864 1621 3942 verba,
1642 3863 1763 3927 tradita
1784 3860 1904 3942 aDeo,
1927 3876 1960 3928 et
1983 3864 2152 3930 discamus
2182 3799 2344 3928 inlnitum
2371 3864 2488 3931 discri-

1505 3971 1579 4014 men
1603 3968 1691 4028 esse,
1712 3949 1799 4016 intoe
1819 3947 1914 4034 leges
1936 3951 2099 4016 humanas
2122 3962 2156 4016 et
2177 3950 2333 4031 divinam,
2356 3950 2398 4016 de
2420 3971 2488 4037 quo

1505 4036 1693 4102 discrimine
1714 4047 1834 4121 postea
1856 4037 2014 4101 dicemus.

1590 4191 1689 4256 Prius
1721 4191 1808 4256 enim
1836 4192 2033 4270 ostendam,
2065 4193 2153 4258 unde
2180 4194 2226 4257 sit
2253 4202 2362 4256 sumta
2381 4187 2486 4275 Legis

1505 4276 1663 4355 delinitio,
1685 4274 1840 4344 videlicet
1861 4299 1903 4341 ex
1921 4279 1995 4362 ipsa
2018 4275 2105 4364 lege,
2128 4277 2372 4364 quaeadlirmat
2388 4296 2485 4360 prae·

1506 4364 1570 4449 cipi
1593 4373 1626 4427 et
1646 4363 1807 4447 postulari
1825 4366 1995 4451 integram
2005 4377 2039 4429 et
2057 4364 2241 4449 perlectam
2257 4364 2486 4441 obedientiam,

1505 4463 1538 4515 et
1571 4450 1680 4535 puniri
1712 4470 1778 4516 non
1811 4461 2022 4535 praestantes
2050 4453 2214 4537 integram
2242 4462 2276 4516 et
2301 4445 2487 4534 perfectam

1506 4536 1736 4602 obedientiam.
1781 4535 1873 4600 Dicit
1907 4536 1993 4601 enim
2026 4535 2115 4603 Lex:
2148 4534 2277 4624 Diliges
2307 4536 2488 4602 Dominum

1504 4622 1613 4687 Deum
1642 4634 1732 4689 tuum
1763 4642 1804 4686 ex
1826 4633 1897 4687 toto
1920 4624 2039 4701 corde,
2069 4635 2132 4688 etc.
2177 4622 2275 4703 item,
2306 4621 2384 4687 Non
2406 4641 2486 4686 con·

1505 4710 1672 4793 cupiscas.
1716 4708 1814 4786 item,
1846 4705 2045 4774 Maledictus
2074 4711 2132 4796 qui
2159 4730 2228 4774 non
2259 4709 2419 4776 manserit
2450 4706 2486 4771 in

1504 4796 1668 4874 omnibus,
1690 4815 1775 4879 quae
1796 4795 1921 4879 scripta
1943 4807 2022 4859 sunt
2042 4796 2075 4861 in
2097 4795 2202 4881 Lege.

1589 4967 1643 5034 Ac
1665 4963 1765 5032 valde
1787 4986 1929 5032 necesse
1952 4978 2006 5032 est
2027 4965 2169 5054 intelligi
2190 4966 2279 5032 barte
2300 4984 2382 5031 vere
2406 4983 2487 5029 esse

1503 5053 1608 5141 Legis
1629 5051 1854 5131 voluntatem,
1877 5073 1920 5120 ne
1943 5050 2141 5120 delabantur
2164 5051 2313 5118 homines
2347 5052 2380 5116 in
2401 5048 2487 5115 stul·

1504 5152 1556 5204 tas
1588 5140 1763 5225 opiniones
1800 5138 2056 5206 Pharisaeorum
2094 5153 2128 5206 et
2152 5133 2407 5214 blonachorum,
2444 5156 2487 5202 ec

1504 5230 1688 5304 somnient,
1708 5226 1861 5292 homines
1890 5246 1993 5310 posse
2015 5226 2100 5314 Legi
2121 5226 2185 5292 Del
2207 5222 2419 5302 satisfacere,
2452 5233 2487 5288 et

1502 5312 1590 5379 banc
1618 5308 1880 5400 qualemcunque
1910 5310 2137 5397 disciplinam,
2170 5333 2256 5460 puae
2290 5307 2393 5376 eflicit
2423 5307 2486 5375 ho-

1502 5412 1618 5465 nestas
1641 5400 1791 5464 actiones
1814 5403 1986 5480 externas,
2019 5419 2096 5465 esse
2119 5400 2184 5483 imp
2198 5399 2341 5462 ctionem
2369 5395 2485 5482 Legis,

1502 5498 1536 5552 et
1556 5486 1724 5552 bominem
1744 5482 1804 5553 tali
1825 5484 2002 5573 disciplina
2022 5486 2145 5551 iustum
2166 5505 2255 5565 esse,
2278 5497 2312 5550 et
2328 5482 2412 5571 Legi
2430 5503 2485 5548 sa·

469 5572 606 5640 titiones
637 5574 715 5642 inde
735 5597 844 5665 usque
869 5598 891 5644 a
916 5574 1000 5645 cain
1028 5573 1148 5643 factae.
1192 5574 1236 5643 Et
1260 5576 1452 5643 testimnia
1491 5570 1672 5643 ,tisfecere
