5892 6709
458 634 524 705 tta
1094 633 1208 703 Puta.
1229 634 1335 702 Man.
1348 634 1541 705 SCRIPTA
1563 631 1849 700 montanas.
2420 629 2490 705 560

460 823 1045 981 nenessitatem
1066 825 1135 979 it
1149 827 1301 997 ‘stit
1313 845 1446 979 stt:
1482 820 2166 999 „titriseitttttttsbtui‘i
2191 825 2503 996 &bibliis

461 998 579 1066 saliter
601 998 800 1064 comitantur
817 1009 952 1065 atroces
1040 1018 1104 1063 nae
1126 1001 1223 1064 etiam
1246 999 1279 1064 in
1301 1001 1366 1066 hac
1376 1002 1446 1066 vita
1499 1017 1561 1064 seu
1582 996 1839 1078 iustificationis,
1863 997 2054 1064 donationis
2076 998 2217 1086 Spiritus
2241 1001 2350 1066 sancti
2379 1012 2415 1067 et
2436 1004 2487 1068 vi·

461 1084 750 1190 corporali,.sicut
771 1084 1010 1236 ⁶⁰.¹¹⁰'‘l;³⁰ld¹⁰
1032 1083 1099 1238 hali
1117 1085 1446 1237 regulaehtastantrar,
1498 1098 1554 1151 tae
1575 1093 1744 1150 aeternae.

459 1173 846 1337 tessellatis?
862 1173 1447 1344 t.it‘⁰;.i..⁶¹t,.tti.¹i.ti.t
1583 1254 1701 1322 m...
1740 1257 1918 1341 ...mm
1952 1267 2005 1323 a.
2042 1259 2219 1324 aas...
2246 1257 2486 1349 00...er

462 1344 738 1423 abominationes,
761 1344 996 1410 eradicabitur.
1040 1341 1095 1409 Dc
1116 1346 1264 1430 rupinis:
1297 1345 1367 1412 Vae
1390 1346 1446 1432 qui
1498 1361 1584 1429 quae
1606 1341 1730 1427 duplex
1751 1353 1819 1408 est:
1847 1353 1906 1409 aut
1927 1346 2087 1431 gratuita,
2120 1346 2387 1412 conservationis
2410 1368 2486 1413 ccr-

432 1487 434 1492 .
461 1427 600 1518 spolias,
623 1432 700 1516 quia
722 1426 933 1515 spoliaberis.
976 1427 1031 1495 De
1061 1432 1213 1515 periuriis
1234 1440 1269 1497 et
1289 1430 1446 1517 blaspbe-
1497 1430 1590 1514 poris
1621 1427 1797 1495 Ecclesiae
1833 1430 1926 1496 iuxta
1964 1430 2106 1497 dictum=
2145 1431 2290 1497 Primum
2334 1437 2488 1519 quaerite

460 1520 548 1586 ruiist
570 1516 646 1582 Non
663 1515 799 1582 habebit
819 1516 916 1581 Deus
937 1518 1119 1597 insontem,
1151 1519 1303 1604 quisquis
1324 1538 1445 1584 nornen
1497 1534 1636 1602 regnum
1665 1514 1742 1596 Dei,
1770 1527 1805 1581 et
1837 1527 1972 1584 caetera
1993 1518 2191 1584 adlicientur
2213 1519 2322 1602 vobis.
2360 1518 2487 1586 Esaiae

459 1601 538 1672 DEl
559 1623 646 1669 vane
668 1603 890 1688 usurpaverit.
933 1602 994 1669 llis
1018 1603 1325 1671 comminationibus
1349 1625 1445 1692 regu·
1496 1602 1548 1669 48.
1594 1600 1701 1668 Etiam
1722 1603 1757 1667 in
1778 1614 1918 1670 senecta
1940 1606 2081 1691 gestabo
2104 1621 2180 1671 vos.
2223 1603 2398 1684 ltem,Erit
2419 1609 2486 1672 sic-

459 1687 726 1755 laritereventus
744 1688 949 1775 respondere
965 1691 1168 1775 experientia
1185 1702 1338 1771 testatur,
1360 1710 1447 1778 quae
1496 1699 1533 1754 ut
1553 1689 1588 1753 in
1611 1689 1731 1755 diebus
1753 1688 1907 1770 Nahum}
1938 1710 2024 1756 unus
2045 1700 2245 1771 assumetur,
2277 1688 2364 1757 alter
2384 1691 2486 1759 relin-

462 1778 560 1842 etiam
582 1773 743 1840 Etimicos
764 1773 829 1840 has
850 1773 987 1863 regulus
1011 1777 1136 1857 docuit,
1160 1797 1348 1864 quanquam
1371 1788 1446 1842 eta
1497 1786 1626 1880 quatur.
1670 1773 1763 1857 itam,
1791 1774 1859 1841 Ero
1882 1778 2057 1843 vobiscum
2077 1797 2187 1864 usquc
2209 1777 2253 1842 ad
2271 1797 2487 1846 consumma·

459 1862 613 1947 patribus
636 1881 694 1926 aas
717 1874 930 1948 acceperunt.
972 1861 1016 1927 Et
1037 1874 1074 1927 nt
1095 1864 1183 1948 apud
1198 1864 1376 1928 Pindarum
1399 1864 1446 1928 di·
1497 1873 1618 1927 tronem
1640 1859 1757 1928 seculi.
1801 1861 1870 1927 Aut
1893 1876 1945 1928 est
1968 1863 2080 1929 addita
2115 1865 2211 1930 bonis
2245 1866 2405 1950 operibus
2431 1868 2485 1932 iu·

460 1950 562 2013 citurr
584 1949 705 2032 βέβαιον
725 1946 802 2028 ἕξεις
822 1946 873 2013 τὸν
892 1953 960 2033 βίον
981 1947 1097 2025 δίκαιος
1118 1946 1172 2014 cir.
1206 1948 1260 2015 De
1280 1948 1349 2015 hae
1368 1970 1446 2036 pac·
1496 1958 1638 2027 storum,
1660 1958 1713 2013 utt
1747 1947 1812 2022 Qui
1829 1949 1957 2015 dederit
1978 1962 2094 2035 potum
2116 1971 2137 2015 a
2161 1969 2224 2015 uae
2246 1952 2302 2015 nni
2325 1972 2366 2017 ex
2388 1953 2485 2018 mirri-

461 2034 630 2121 dagogica
662 2034 813 2100 doctrina
844 2035 945 2100 etiam
976 2035 1128 2100 hemines
1290 2035 1446 2118 monendi
1495 2034 1558 2098 mis
1580 2054 1729 2099 meorum
1751 2045 1887 2121 propter
1908 2036 2104 2116 doctrinam,
2137 1971 2244 2103 lmen
2274 2038 2349 2103 dieo
2371 2038 2488 2120 vobis,

462 2136 553 2200 sunt,
596 2129 630 2185 et
672 2121 844 2200 sciendum
883 2131 937 2186 est
974 2119 1038 2186 has
1082 2141 1124 2187 co
1260 2141 1278 2186 s
1316 2141 1445 2208 poenas
1496 2140 1564 2184 non
1585 2120 1704 2205 perdet
1724 2121 1915 2192 mercedem
1937 2141 2045 2189 suam.

463 2227 532 2272 non
556 2225 641 2273 casu
674 2207 845 2287 accidere,
878 2227 944 2271 nee
964 2217 1092 2273 tantum
1114 2208 1281 2273 hominum
1302 2206 1446 2273 coasilio
2073 2247 2075 2252 ·

461 2293 629 2357 institutas
651 2311 742 2371 asse,
764 2294 824 2359 sed
848 2295 1017 2358 ordinatas
1040 2313 1117 2359 esse
1130 2316 1151 2360 a
1166 2293 1253 2373 Deo,
1268 2295 1446 2381 etquidem
1582 2289 1736 2356 'l'raditae
1758 2304 1836 2358 sunt
1865 2303 1974 2358 autem
1995 2293 2236 2378 promissiones
2268 2296 2310 2360 de
2344 2315 2486 2363 conscr-

462 2377 573 2444 Deum
596 2391 808 2445 executorem
826 2399 916 2459 essa,
939 2381 1037 2446 etiam
1049 2401 1124 2446 cum
1136 2380 1355 2468 Magistratus
1368 2392 1446 2446 sunt
1496 2379 1629 2444 vatione
1661 2375 1838 2444 Ecclesiae
1871 2392 1904 2444 et
1941 2380 2040 2446 bonis
2081 2377 2311 2468 corporalibus
2344 2395 2489 2470 propter

372 2537 374 2540 ¹
462 2464 659 2570 infirmiores
691 2474 725 2531 ct
745 2462 1023 2553 negligentiores,
1056 2478 1113 2533 aut
1134 2487 1202 2533 nan
1225 2463 1351 2534 iaciant
1373 2463 1446 2532 olli·
1497 2463 1639 2550 quatuor
1662 2483 1795 2529 causas.

462 2571 559 2616 crum.

1524 2712 1526 2716 .
1582 2634 1725 2701 Parnm
1752 2647 1819 2717 est,
1850 2649 1887 2702 ut
1919 2639 2067 2703 seiam
2093 2639 2183 2703 bona
2204 2637 2393 2725 corporalia
2414 2662 2490 2707 non

551 2720 632 2789 Vult
653 2724 740 2788 enim
761 2720 856 2789 Deus
874 2722 959 2789 haec
984 2721 1161 2789 manifesta
1184 2723 1377 2809 spectacula
1399 2736 1447 2790 te·
1498 2741 1579 2786 casa
1608 2723 1726 2802 obiici,
1762 2723 1825 2788 sed
1852 2743 1934 2789 vere
1960 2746 1982 2790 a
2004 2723 2081 2790 Deo
2110 2724 2198 2811 dar-l,
2228 2726 2316 2793 sicut
2343 2728 2489 2795 dicitur:

462 2808 615 2876 stimonia
633 2828 724 2888 esse,
749 2810 839 2895 quod
861 2809 905 2875 sit
926 2809 1034 2890 Deus,
1058 2822 1092 2876 et
1113 2811 1313 2889 ostendere,
1336 2809 1444 2897 qualis
1496 2808 1690 2873 Benedictio
1714 2806 1849 2875 Domini
1870 2811 1989 2877 divites
2011 2807 2103 2877 iacit.
2147 2809 2240 2891 item,
2269 2812 2344 2879 Nisi
2365 2812 2490 2879 Domi-

461 2897 516 2974 sit,
541 2892 695 2962 videlicet
717 2898 825 2960 iustus
847 2907 882 2961 et
904 2897 1038 2976 vindex,
1061 2895 1131 2964 vult
1152 2897 1445 2964 commonefactio·
1481 2913 1560 2975 ¹nus
1583 2895 1778 2960 custodierit
1806 2897 1989 2976 civitatem,
2020 2895 2147 2963 frustra
2175 2896 2308 2985 vigilat,
2337 2901 2395 2987 qui
2426 2923 2490 2966 cu·

460 3002 524 3046 nes
547 3002 637 3059 esse,
665 2984 754 3068 qnod
777 2980 849 3048 Lex
871 2995 1012 3048 naturae
1035 2986 1132 3049 insita
1154 2987 1274 3072 rationi
1307 2988 1351 3050 sit
1372 2984 1444 3050 Lex
1496 2982 1598 3046 stodit
1629 3000 1713 3045 eam.
1768 2981 1861 3062 itam,
1892 2981 2024 3049 leones
2058 2985 2256 3065 esurierunt,
2289 2987 2491 3054 timentibus

462 3068 585 3148 divina,
612 3080 646 3135 et
668 3070 756 3153 quod
787 3070 831 3133 sit
858 3071 1079 3154 providentia,
1104 3081 1136 3136 et
1159 3073 1248 3155 quod
1271 3069 1365 3135 Deus
1389 3092 1444 3135 cu·
1497 3079 1606 3133 autem
1627 3064 1806 3133 Dominum
1828 3088 1896 3134 non
1919 3070 2024 3135 deerit
2044 3067 2147 3138 ullurn
2168 3072 2303 3138 bonum.

461 3165 535 3219 stas
558 3155 602 3220 sit
623 3152 781 3239 politicae
799 3156 982 3221 societatis.
1015 3156 1069 3221 De
1091 3157 1156 3223 hac
1178 3156 1444 3240 praesentiaDei

340 3321 342 3325 Ι
461 3239 549 3306 inter
575 3241 728 3306 homines
762 3240 1063 3312 commonefaciunt
1083 3265 1148 3308 nos
1170 3240 1254 3310 haec
1276 3241 1444 3310 horrenda
1583 3238 1797 3306 SECUNDA
1830 3259 1949 3314 causa,
1989 3241 2033 3306 Ut
2070 3243 2217 3308 sciamus
2249 3242 2358 3310 Darnn
2394 3244 2492 3313 velle

441 3323 667 3412 spectacula,
692 3328 734 3393 de
757 3329 877 3413 quibus
896 3340 930 3393 et
952 3332 1074 3395 concio
1085 3329 1210 3395 Christi
1233 3330 1329 3395 dicit:
1351 3328 1446 3394 llan-
1497 3345 1702 3392 conservare
1714 3324 1903 3392 Ecclesiam
1923 3328 1956 3392 in
1979 3326 2044 3392 hac
2066 3329 2146 3409 vita,
2169 3332 2259 3395 iusta
2276 3328 2361 3396 lraee
2375 3333 2489 3399 dicta:

462 3433 576 3480 suram
597 3412 784 3481 consertam
807 3427 841 3480 et
868 3416 1027 3503 agitatam
1048 3418 1175 3484 dabunt
1196 3418 1246 3482 eis
1268 3418 1301 3484 io
1323 3418 1443 3484 sinum.
1497 3410 1640 3477 Primum
1662 3414 1812 3498 quaerite
1833 3432 1973 3500 regnum
2001 3413 2084 3495 Del,
2114 3427 2147 3480 et
2170 3427 2304 3481 caetera
2324 3418 2490 3484 adiiciam·

490 3497 492 3502 ’
1496 3511 1552 3564 tar
1572 3500 1681 3564 vobis.
1723 3498 1805 3566 ltem
1840 3501 1926 3585 apud
1948 3499 2099 3567 Esaiam:
2132 3500 2235 3567 Posui
2269 3505 2374 3568 verba
2407 3526 2492 3573 urea

547 3581 680 3650 Deinde
702 3588 890 3672 cogitentur
912 3607 1052 3665 carsae,
1075 3588 1118 3653 de
1140 3590 1260 3674 quibus
1281 3588 1446 3656 luriscen·
1497 3585 1531 3651 in
1548 3604 1607 3650 ore
1628 3597 1700 3663 tuo,
1733 3597 1766 3651 et
1792 3586 1931 3653 dextera
1950 3607 2025 3652 urea
2046 3598 2221 3675 protegam
2250 3601 2296 3669 te,
2328 3601 2366 3656 ut
2388 3589 2491 3678 plan·

461 3666 540 3736 sulti
561 3666 754 3756 loquuntur,
781 3673 870 3820 quod
898 3684 971 3737 tran
995 3670 1144 3738 uillitatis
1166 3672 1321 3760 publicae
1343 3695 1446 3739 causa
1498 3682 1550 3736 tes
1574 3669 1700 3738 coelos.

462 3767 616 3841 oporteat
636 3755 708 3821 tolli
731 3777 790 3821 sca
806 3769 936 3823 aratos:
971 3694 1041 3823 gad
1069 3760 1162 3844 prius
1192 3762 1225 3824 in
1248 3759 1301 3823 his
1329 3761 1445 3846 poenis

460 3843 615 3910 iudicium
637 3841 703 3908 Dei
722 3844 994 3930 contemplemur.
1585 3840 1746 3907 TERTIA
1769 3862 1882 3923 causa,
1904 3856 1939 3909 ut
1955 3844 2069 3928 petitio
2087 3867 2146 3910 cor
2170 3845 2308 3913 oralium
2325 3848 2370 3912 sit
2387 3868 2490 3914 exer·

1172 4007 1173 4010 ¹
1500 3929 1611 3995 aitiurn
1633 3930 1853 3995 invocationis
1874 3931 1965 3996 iuxta
1989 3933 2126 3997 dictum:
2147 3868 2272 3999 luvoca
2295 3953 2347 3997 me
2369 3936 2405 4001 in
2429 3940 2490 4003 die

550 4013 621 4080 Sed
648 4025 781 4099 praeter
809 4017 1062 4101 exequutionem
1084 4035 1268 4105 poenarum
1290 4037 1447 4103 corpora·
1498 4013 1734 4094 tribulationis,
1755 4028 1789 4081 et
1812 4037 1877 4103 ego
1900 4018 2035 4102 eripiam
2057 4029 2101 4082 te.
2145 4017 2238 4099 ltem,
2263 4018 2390 4085 Panem
2425 4044 2492 4089 no-

463 4098 542 4168 limu
564 4103 694 4166 accedit
717 4100 836 4167 atalia
858 4099 1063 4181 maledictio,
1096 4101 1252 4170 videlicet
1284 4105 1447 4169 ordinatio
1499 4113 1604 4168 strum
1627 4103 1852 4188 quotidianum
1875 4103 2037 4169 danobis
2060 4104 2170 4170 hodic.
2214 4107 2308 4186 ltem,
2331 4107 2409 4193 lpse
2433 4121 2493 4174 est

464 4189 507 4255 ad
528 4208 657 4273 poenas
679 4201 848 4267 aeternas,
881 4209 967 4274 quac
994 4190 1184 4276 opprimunt
1205 4211 1322 4255 omnes
1344 4190 1448 4255 homi·
1498 4190 1567 4253 vita
1589 4200 1644 4253 tua
1666 4201 1700 4253 at
1720 4187 1895 4276 longitudo
1917 4191 2045 4257 dierum
2071 4203 2218 4259 tuorum:
2251 4193 2287 4259 ln
2316 4195 2393 4279 ipso
2429 4217 2492 4262 su·

462 4295 537 4353 nes,
569 4276 627 4360 qui
647 4294 715 4340 non
738 4285 899 4340 sanantur
920 4278 1088 4361 agnitione
1108 4274 1181 4340 Filii
1203 4275 1283 4355 Dei,
1313 4289 1349 4342 ut
1371 4297 1446 4341 eom
1499 4294 1585 4353 muS,
1607 4275 1750 4341 vivimus
1772 4289 1806 4341 et
1827 4295 2010 4345 movemur.

463 4361 496 4426 in
519 4358 634 4439 Saule,
655 4361 735 4427 luda
758 4360 872 4446 incipit
893 4381 1014 4428 sensns
1035 4365 1106 4428 irae
1122 4361 1200 4441 Dei,
1228 4362 1260 4426 in
1280 4384 1347 4449 quo
1369 4382 1448 4428 sesa
1576 4384 1579 4388 ·

463 4446 675 4513 interficiunt.
721 4444 771 4511 llll
794 4449 947 4535 ingentes
970 4445 1106 4515 dolores
1140 4459 1174 4513 et
1206 4446 1358 4514 fremitus
1390 4451 1448 4514 ad·
1586 4442 1773 4517 QUARTA
1796 4468 1917 4538 causa,
1946 4446 2032 4522 Quia
2053 4447 2124 4515 vult
2146 4450 2336 4535 petitionem
2360 4473 2491 4542 corpo-

463 4552 585 4600 versus
606 4533 715 4599 Deum
746 4546 823 4599 sum
855 4535 980 4600 initium
1013 4547 1221 4601 aeternarum
1252 4556 1461 4620 poenarum,
1500 4527 1616 4595 ralium
1639 4553 1717 4597 essa
1746 4532 2098 4602 commonefacticnem
2127 4539 2168 4602 da
2179 4538 2418 4686 fipronrissioue
2456 4552 2492 4607 et

462 4631 500 4687 ut
523 4618 689 4706 lohannes
712 4620 831 4707 iuquitr
861 4620 925 4695 Qui
954 4642 1022 4687 non
1051 4623 1155 4687 credit
1181 4624 1215 4687 in
1236 4621 1372 4703 lilium,
1398 4625 1448 4687 ira
1500 4618 1658 4701 petitione
1681 4622 1826 4705 gratiae,
1849 4622 1926 4707 qaia
1948 4624 2063 4707 petitio
2085 4625 2158 4687 sine
2202 4624 2263 4702 de,
2286 4626 2395 4690 inanis
2419 4641 2489 4707 est,

462 4705 528 4771 Dcl
561 4719 673 4771 manet
705 4727 808 4790 super
840 4728 926 4773 cum.
971 4708 1013 4773 Et
1041 4711 1092 4774 sic
1120 4706 1387 4776 maledictionem
1415 4709 1448 4773 lu
1500 4701 1556 4769 vel
1578 4715 1613 4770 ut
1636 4706 1844 4791 Augustinus
1866 4707 1958 4772 dicit:
1983 4709 2099 4774 Oratio
2124 4711 2197 4773 sine
2217 4711 2284 4774 lide
2306 4724 2490 4795 peccatum

462 4792 557 4882 Lege
581 4795 816 4874 denuntiatam,
839 4792 986 4861 declarat
1000 4792 1125 4861 Paulus
1142 4798 1183 4862 de
1204 4798 1348 4892 aeternis
1370 4816 1449 4881 poe·
1501 4801 1563 4857 est.
1609 4790 1751 4876 Oportet
1773 4794 1873 4880 igitur
1893 4794 1928 4857 in
1951 4797 2038 4859 omni
2066 4798 2225 4878 petitione
2258 4797 2490 4881 corporalium

463 4882 535 4945 nist
570 4876 768 4945 Maledictus
802 4884 928 4961 omnis,
974 4883 1030 4968 qui
1062 4904 1130 4948 non
1163 4884 1383 4968 permanserit
1415 4883 1448 4947 in
1501 4875 1697 4962 praelucere
1719 4876 1829 4959 fidem,
1859 4891 2026 4966 peleiilem
2049 4891 2082 4946 ei
2104 4884 2317 4967 acciplenieni
2341 4888 2491 4969 grafiam

464 4968 630 5047 omnibus,
652 4987 738 5055 quae
760 4968 885 5054 scripta
903 4981 981 5035 sunt
1002 4968 1148 5057 inLege,
1169 4983 1206 5036 ut
1228 4972 1375 5036 sciamus
1396 4987 1448 5036 ec.
1501 4977 1637 5047 propter·
1654 4961 1769 5031 lilium
1787 4965 1862 5046 Dei,
1884 4967 1972 5033 sicut
1994 4979 2027 5033 at
2048 4969 2082 5033 in
2104 4971 2295 5051 precatione
2317 4975 2492 5039 communi

1501 5073 1576 5114 mox
1610 5052 1756 5130 additur:
1789 5051 1932 5118 Remitte
1964 5056 2062 5120 nobis
2084 5056 2196 5121 debita
2218 5069 2343 5125 nostra.
2390 5057 2490 5139 item,

549 5140 604 5206 Do
625 5136 768 5206 militare
790 5153 901 5207 autem
924 5142 1191 5210 benedictionum
1224 5138 1381 5230 legalium
1415 5153 1448 5207 et
1501 5136 1537 5200 Si
1561 5135 1681 5203 fuerint
1703 5152 1844 5225 peccata
1866 5151 1979 5205 vestra
2000 5151 2036 5207 ut
2058 5137 2231 5207 coccinum
2259 5154 2292 5206 et
2319 5147 2492 5210 vermicu·

462 5228 721 5315 promissionum
763 5227 986 5311 corporalium
1020 5227 1100 5295 nihil
1133 5232 1197 5297 dici
1229 5242 1352 5317 potest,
1385 5230 1449 5295 nisi
1501 5222 1572 5303 lus,
1595 5226 1687 5289 eritis
1709 5226 1840 5291 candidi
1863 5227 1949 5292 sicut
1971 5232 2044 5305 nix,
2066 5230 2122 5294 ubi
2145 5242 2178 5294 et
2205 5231 2386 5313 promissio
2409 5252 2489 5317 gru·

488 5316 557 5380 rius
580 5317 708 5381 dicatur
730 5316 773 5379 de
817 5316 1016 5382 romissione
1039 5319 1176 5403 gratiae.
1215 5316 1295 5384 ldec
1317 5336 1450 5404 semper
1501 5312 1579 5387 tiae,
1598 5324 1631 5376 ct
1653 5313 1830 5397 promissio
1850 5316 2115 5381 conservationis
2130 5314 2518 5400 corporisEcclesiac,.

462 5335 497 5467 fl,
521 5415 706 5490 conspectu
728 5404 770 5468 sit
791 5337 877 5469 Kese
899 5402 1076 5470 distinctio.
1500 5408 1535 5463 et
1553 5399 1768 5484 mitigationis
1789 5420 1970 5484 poenarum
1991 5400 2326 5486 comprehenduntur.
2526 5411 2535 5426 '

551 5571 649 5641 Duae
670 5586 749 5643 sunt
775 5577 1029 5663 promissiones,
1061 5573 1168 5645 altera
1201 5578 1340 5665 petiae,
1353 5570 1449 5663 ''pr-c·
1587 5570 1685 5645 Quod
1705 5573 1883 5657 promissio
1906 5576 2169 5641 conservationis
2191 5577 2341 5660 corporis
2365 5575 2491 5645 Eccle-
