5892 6709
497 840 672 911 referenda
701 854 752 908 est
784 844 828 910 ad
851 843 917 909 hoc
940 845 1079 909 dictam:
1113 843 1244 909 Bonum
1267 844 1356 930 mihi,
1389 845 1478 930 quod

495 929 675 997 humiliasti
696 950 760 1010 me,
783 940 820 997 ut
837 932 1006 1036 discerem
1026 929 1276 995 iustificationes
1298 940 1383 1008 1666.

707 1189 713 1200 ’
804 1194 1171 1310 6666666664

580 1429 652 1495 Lex
674 1423 815 1491 hloralis
837 1423 987 1511 posttdat
1009 1425 1276 1490 conformitatem
1298 1427 1330 1491 in
1342 1426 1476 1492 homine

495 1538 571 1582 curn
593 1514 681 1593 Deo,
704 1523 738 1577 et
760 1533 837 1579 cum
859 1514 925 1576 sint
947 1513 1032 1577 duae
1049 1509 1193 1577 tabulae.
1248 1511 1347 1578 Prior
1367 1511 1475 1599 loqui·

495 1613 549 1667 tur
570 1600 613 1665 de
635 1619 715 1666 vera
736 1599 917 1685 agnitione,
940 1619 1005 1683 qua
1026 1596 1121 1661 Deus
1141 1601 1335 1685 agnoscitur
1357 1596 1476 1664 lucens

493 1688 618 1774 ipsein
641 1687 750 1763 nobis,
772 1696 806 1748 et
827 1703 905 1756 sese
928 1685 1025 1748 nobis
1049 1687 1309 1764 communicans,
1344 1696 1377 1750 61
1409 1707 1475 1771 qua

464 1793 466 1798 ·
493 1794 558 1839 nos
592 1771 739 1836 vicissim
768 1767 934 1855 diligimus
957 1790 1043 1846 666,
1066 1781 1099 1834 61
1121 1767 1283 1836 laetamur
1304 1774 1336 1835 in
1360 1792 1419 1851 66,
1443 1783 1476 1837 61

495 1856 655 1924 efficimur
677 1877 777 1922 unum
800 1855 950 1922 666166.
992 1853 1087 1919 116116
1111 1857 1173 1920 erit
1194 1857 1228 1919 in
1252 1859 1358 1921 beatis
1383 1859 1475 1944 agni·

495 1948 554 2024 tio,
577 1942 710 2008 dilectio
733 1953 767 2008 61
788 1940 914 2008 laetitia
925 1942 1145 2027 acquiescens
1156 1942 1189 2005 in
1212 1941 1298 2021 Deo,
1321 1956 1353 2008 et
1376 1963 1475 2008 econ-

495 2042 548 2098 tra
568 2031 605 2094 in'
625 2030 732 2116 impiis
755 2028 788 2092 in
809 2026 876 2093 hac
899 2029 979 2106 vita,
1002 2037 1035 2092 et
1057 2027 1242 2111 posthanc
1265 2030 1363 2095 vitam
1381 2050 1475 2094 mens

495 2128 546 2182 est
567 2117 685 2202 ignara
702 2113 780 2193 1161,Ι
801 2115 873 2178 6166
895 2111 1068 2192 16661161,
1097 2112 1198 2198 plena
1227 2115 1475 2195 dubitationum,

495 2203 573 2351 6111,
596 2212 628 2265 61
649 2197 800 2266 fremitus
823 2200 987 2266 adversus
1008 2197 1135 2278 Deum,
1158 2213 1194 2265 ut
1216 2200 1248 2264 in
1272 2200 1354 2266 Saul
1377 2203 1475 2266 6161·

493 2289 537 2353 mi
551 2288 637 2353 ibus.
661 2285 675 2318 ''

580 2424 735 2491 Secunda
768 2420 881 2488 tabula
914 2424 1060 2487 ostendit
1101 2420 1364 2488 conformitatem
1399 2444 1474 2503 curn

492 2510 580 2590 1166,
602 2508 712 2595 (166116
735 2512 769 2574 16
791 2530 833 2574 66
857 2521 910 2574 est
922 2529 1003 2594 erga
1013 2509 1177 2588 homines,
1199 2511 1284 2573 sicut
1307 2512 1339 2573 in
1363 2520 1473 2576 ruente

493 2599 604 2662 divina
627 2607 680 2660 est
701 2595 786 2660 haec
808 2595 971 2681 sapientia
994 2608 1027 2658 et
1050 2597 1179 2659 bonitas
1202 2594 1473 2681 ergahominem,

492 2683 534 2748 ut¹
560 2683 662 2746 horno
696 2692 929 2758 conservetur,
961 2700 1029 2744 non
1059 2681 1245 2759 occidatur,
1279 2682 1322 2745 sit
1344 2693 1471 2759 castus,

492 2780 563 2833 tota
590 2780 710 2831 natura
743 2767 930 2831 abhon·ens
953 2788 974 2830 6
996 2764 1193 2830 6661661666
1215 2764 1396 2846 libidinum,
1429 2768 1473 2831 sit

431 2891 434 2896 ·
492 2873 609 2931 veras,
631 2865 665 2917 et
683 2851 811 2918 furatur
827 2872 895 2916 suo
919 2854 1138 2916 conveniente
1160 2854 1285 2918 ordine.
1331 2852 1379 2916 lta
1400 2851 1472 2917 Lex

493 2939 651 3017 ostendit,
669 2936 777 3023 qualis
800 2959 878 3002 esse
901 2935 1115 3002 conformitas
1139 2958 1212 3002 curn
1225 2938 1299 3004 Deo
1323 2940 1472 3018 deberet,

490 3041 559 3091 non
594 3033 721 3089 tantum
754 3026 787 3089 in
820 3025 966 3090 externis
990 3026 1159 3108 operibus,
1187 3026 1249 3090 661
1271 3028 1415 3111 integra,
1437 3026 1471 3089 in

490 3112 645 3177 omnibus
669 3111 818 3195 partibus
840 3109 991 3175 hominis.
1058 3109 1229 3178 Observes
1250 3112 1350 3196 igitur
1371 3130 1472 3185 voca·

489 3195 603 3263 bulum
626 3194 886 3274 conformitatis,
920 3206 954 3260 61
986 3217 1062 3260 curn
1084 3196 1126 3260 16
1146 3194 1239 3281 Lege
1262 3199 1391 3282 cogitas
1415 3218 1471 3283 ge·

487 3304 584 3348 mens
608 3280 795 3366 deplorato,
817 3302 885 3346 non
907 3301 986 3346 esse
1007 3281 1095 3346 hanc
1118 3283 1281 3367 integram
1294 3280 1470 3347 conformi-

487 3381 589 3434 tatem
612 3370 644 3432 in
667 3367 732 3435 hac
755 3371 936 3453 depravata
956 3380 1087 3436 natura.
1154 3367 1317 3433 Usitatum
1346 3371 1471 3434 661616

488 3456 683 3519 discernere
714 3456 853 3538 primunr
886 3465 919 3519 et
951 3455 1132 3519 secundam
1165 3452 1324 3521 tabulam.
1383 3453 1470 3519 PRI-

487 3538 556 3604 MA
579 3536 724 3623 loquitur
746 3541 788 3603 de
811 3559 830 3602 6
855 3542 981 3618 eribus,
1004 3538 1177 3623 (16661166
1200 3542 1386 3606 immediate
1408 3543 1469 3606 tri·

487 3627 645 3691 buuntur.
690 3624 836 3688 SEUUN
872 3625 904 3687 A
923 3626 1153 3708 (1661611166,
1176 3647 1261 3710 (1666
1284 3627 1470 3691 immediate

485 3711 676 3776 hominibus
708 3711 911 3774 tribuuntur:
951 3709 1020 3774 Sed
1051 3709 1133 3774 fiunt
1155 3708 1265 3776 cultus
1287 3710 1363 3789 Dei,
1391 3714 1470 3796 (1616

485 3816 548 3881 pro
572 3808 624 3861 ter
645 3815 720 3861 666
742 3795 834 3880 liunt.
899 3795 992 3860 Haec
1013 3795 1148 3879 phrasis
1169 3797 1311 3875 usitata,
1337 3794 1469 3863 facilius

484 3819 682 3968 intelligitur.
697 3883 731 3947 in
743 3881 932 3961 (1616611661,
954 3902 1053 3966 (1666
1075 3884 1165 3946 side
1185 3884 1314 3968 integra
1336 3881 1469 3949 confor-

439 4039 446 4060 ,
484 3971 598 4036 mitate
637 3969 814 4046 diceretur,
847 3969 889 4032 de
922 3989 989 4053 (166
1011 3979 1122 4034 16666
1152 3971 1299 4056 cogitent
1320 3967 1380 4049 illi,
1414 3972 1469 4056 (161

484 4067 723 4140 processerunt
745 4056 779 4118 in
806 4056 978 4119 discendo.

571 4210 750 4274 Sciendum
774 4223 828 4272 est
850 4220 978 4287 autem,
1004 4230 1087 4298 ¹eum
1111 4207 1164 4273 hic
1190 4203 1371 4273 recitantur
1394 4213 1467 4275 bre-

483 4299 538 4362 via
559 4297 665 4359 dicta:
688 4295 763 4360 Non
787 4296 937 4372 6661166,
959 4294 1036 4357 Non
1053 4295 1296 4374 rrroechaberiS,
1319 4315 1467 4381 compre·

482 4381 583 4448 hendi
604 4383 848 4459 enarrationcS,
872 4400 957 4464 quae
979 4377 1057 4444 alibi
1079 4382 1224 4464 scriptae
1247 4393 1324 4445 sunt
1346 4382 1381 4445 in
1402 4381 1465 4447 Le-

508 4466 624 4545 61161,
647 4479 683 4532 ut
706 4469 746 4533 de
768 4469 944 4551 puniendis
967 4464 1154 4546 homicidis,
1177 4469 1218 4532 de
1240 4469 1377 4533 incestis
1400 4482 1463 4534 etc.

481 4488 575 4619 llaec
610 4555 719 4617 omnia
747 4555 877 4634 6116661
911 4554 1064 4624 dicontur
1097 4552 1270 4633 forensia,
1294 4566 1404 4620 tamen
1426 4577 1464 4623 re

481 4640 557 4724 ipsa
579 4651 657 4703 6661
679 4637 830 4704 bloralia.

453 4849 465 4858 -
568 4809 743 4875 Addantur
764 4824 797 4875 ct
819 4812 1049 4876 enarrationes
1061 4809 1178 4898 hlatth.
1190 4811 1221 4875 5.
1245 4833 1330 4898 (1666
1352 4820 1462 4878 osten·

481 4900 563 4964 dunt
583 4898 616 4961 in
639 4893 793 4963 Ecclesia
814 4897 940 4983 Legem
961 4895 1124 4962 Moralem
1146 4895 1283 4985 intelligi
1307 4909 1462 4983 oportere

480 4986 524 5050 de
546 4985 677 5069 integra
700 4982 930 5048 conformitate
954 5005 1030 5049 cunr
1047 4982 1135 5062 Deo,
1169 5005 1237 5050 non
1270 4995 1395 5049 tantum
1419 4975 1491 5050 (16Ι

480 5071 626 5138 externis
649 5072 818 5153 operibus.
861 5068 1036 5135 Postremo
1061 5071 1278 5136 consideratis
1297 5070 1350 5134 his
1368 5091 1461 5135 enar-

478 5159 677 5234 rationibus,
713 5156 871 5233 6616666,
905 5177 991 5241 (1666
1024 5176 1128 5242 opera
1160 5159 1225 5221 sint
1256 5154 1366 5226 cultus
1384 5156 1460 5223 Dei.

478 5243 522 5308 Et
554 5245 620 5315 sint
654 5244 688 5306 in
722 5254 905 5326 conspectu
933 5241 1086 5327 regulae:
1110 5241 1248 5308 Frustra
1271 5243 1386 5309 661661
1407 5264 1460 5309 66

414 5347 419 5362 ·
478 5332 641 5396 66616116
663 5328 845 5406 homiuum,
867 5326 910 5392 Et
932 5330 1020 5411 apud
1042 5327 1269 5396 Ezechielem:
1296 5330 1332 5394 ln
1364 5351 1458 5414 prae·

478 5418 585 5500 ceptis
608 5417 691 5482 meis
714 5412 892 5486 ambulate.

563 5586 606 5653 Et
637 5586 737 5654 valdo
773 5588 909 5676 dignum
946 5596 999 5654 cst
1039 5587 1306 5654 consideratione
1333 5590 1458 5656 dictum

1128 651 1242 719 PHlL.
1263 653 1368 722 ltlEL.
1390 653 1874 740 66616166666111166.
1989 719 1992 724 .

2448 657 2517 726 1156

1530 843 1672 924 Christi,
1704 843 1823 910 Matth.
1846 845 2117 930 1161116166
2150 844 2343 913 1116616166
2365 849 2409 914 16
2431 846 2514 917 dile·

1529 933 1640 997 ctione
1663 932 1802 1017 proximi
1825 950 1903 996 esse
1924 929 2172 1022 61611616166.’
2218 931 2311 999 11666
2333 934 2514 1002 6161111616

1529 1028 1581 1083 661
1604 1015 1671 1084 obli
1696 1017 1828 1097 ationis,
1851 1018 1928 1103 (1616
1948 1029 2090 1104 utraque
2108 1018 2297 1085 ohedientia
2318 1032 2371 1087 661
2395 1042 2515 1088 66666·

1528 1106 1628 1169 saria.
1672 1041 1735 1169 Est
1757 1115 1791 1170 et
1812 1101 2069 1171 conformitatis:
2092 1103 2186 1172 Sicut
2204 1103 2298 1172 11666
2316 1110 2513 1176 necessario

1527 1201 1723 1269 66166166,
1747 1200 1780 1256 61
1801 1188 1872 1256 vult
1894 1211 1933 1257 se
1952 1202 2044 1257 recte
2071 1191 2225 1280 agnosci,
2246 1195 2297 1258 sic
2319 1205 2372 1259 est
2394 1213 2515 1262 neces-

1527 1279 1617 1342 sario
1636 1289 1764 1358 castus,
1786 1289 1820 1343 et
1840 1299 1908 1343 non
1930 1275 2000 1344 vult
2023 1277 2238 1344 confusiones
2260 1278 2444 1348 hbidinum.
2467 1280 2515 1348 Ut

1525 1364 1630 1450 igitur
1663 1365 1708 1430 sit
1736 1361 1951 1430 conformitas
1969 1386 2045 1432 cum
2065 1362 2152 1445 Deo,
2182 1363 2219 1430 fit
2241 1364 2421 1434 similitudo
2443 1389 2515 1435 non

1526 1448 1636 1515 solum
1657 1451 1690 1515 in
1707 1453 1813 1536 primo
1835 1464 2028 1538 praecepto,
2050 1451 2112 1518 sed
2133 1453 2231 1518 etiam
2252 1453 2287 1519 ln
2308 1451 2396 1521 aliis.
2419 1454 2517 1524 llaec

1527 1537 1645 1603 eruditi
1664 1539 1718 1621 pic
1739 1540 1939 1624 expendant.

1613 1707 1664 1773 Sit
1696 1710 1797 1795 igitur
1831 1709 1979 1775 definitio
2003 1709 2112 1777 cultus
2139 1710 2204 1776 Dei
2227 1710 2320 1778 haec.
2390 1712 2513 1781 Cultus

1525 1791 1590 1858 Dei
1612 1805 1664 1860 est
1686 1815 1772 1878 opus
1785 1797 1975 1861 mundatum
1997 1818 2018 1861 a
2036 1796 2121 1876 Deo,
2142 1795 2268 1863 factum
2290 1800 2326 1863 in
2340 1801 2514 1886 agnitione

1527 1892 1561 1945 61
1583 1879 1705 1947 fiducia
1725 1879 1799 1946 Filii
1820 1880 1896 1960 Dei,
1918 1881 2059 1947 relatum
2082 1886 2124 1948 ad
2150 1883 2241 1948 hunc
2267 1884 2366 1951 finem
2389 1888 2513 1970 princi·

1526 1965 1663 2051 paliter,
1694 1980 1731 2033 61
1752 1966 1827 2033 1166
1849 1979 2038 2052 praestetur
2059 1970 2246 2046 obedientia
2268 1984 2301 2036 61
2319 1972 2445 2052 honos,
2476 1974 2513 2040 id

1527 2065 1592 2132 est,
1614 2052 1817 2133 testificatio,
1851 2055 1940 2140 (1661
1974 2067 2156 2121 statuamus
2180 2056 2269 2123 hunc
2291 2056 2402 2124 solum
2424 2079 2510 2126 vere

1527 2138 1637 2205 Deunr
1671 2159 1768 2219 esse,
1801 2161 1900 2225 quem
1922 2141 1972 2206 sic
1996 2139 2155 2222 colimus,
2187 2156 2221 2207 et
2244 2145 2335 2230 (1661
2356 2146 2408 2210 616
2429 2143 2514 2212 velit

1528 2223 1606 2304 coli,
1628 2237 1664 2290 ut
1683 2228 1818 2292 castitas
1841 2226 1962 2312 loseph
1985 2228 2099 2293 tribuit
2111 2230 2272 2294 honorem
2283 2230 2372 2312 1166,
2395 2232 2512 2312 idest,

1527 2313 1680 2392 ostendit,
1714 2315 1804 2399 quod
1837 2323 1961 2378 statuat
1993 2312 2082 2379 hunc
2116 2312 2225 2380 solum
2253 2336 2368 2381 rerum
2398 2315 2511 2384 Deum

1526 2418 1614 2477 esse,
1647 2420 1744 2484 (1666
1767 2401 1817 2465 616
1840 2398 1932 2477 66111,
1965 2412 1998 2464 61
2020 2401 2109 2485 (1661
2134 2403 2183 2465 616
2207 2400 2286 2466 velit
2309 2399 2386 2468 coli.
2454 2403 2511 2470 De

1525 2483 1578 2547 his
1601 2481 1745 2550 cultibus
1768 2483 1914 2571 loquitur
1935 2485 2070 2551 Petrusr
2100 2487 2224 2552 Offerte
2247 2488 2378 2554 hostias
2411 2490 2512 2575 spiri·

1526 2567 1634 2635 tuales
1651 2569 1824 2655 placentes
1846 2569 1922 2637 Deo
1945 2584 2082 2658 propter
2103 2557 2254 2640 Filiun'l.'

1750 2895 1813 2962 DE
1835 2895 1974 2964 Parme
1997 2897 2275 2965 PRAEGEPTO.

1610 3082 1755 3151 Primum
1792 3099 2005 3173 praeceptum
2044 3088 2135 3154 initio
2169 3086 2314 3175 loquitur
2347 3091 2391 3156 16
2425 3113 2515 3160 vera

1523 3172 1694 3257 agnitione
1724 3169 1801 3252 Dei,
1834 3193 1932 3259 quam
1965 3171 2078 3239 lucere
2111 3173 2143 3240 in
2172 3178 2271 3242 nobis
2292 3179 2325 3242 in
2347 3176 2413 3242 hac
2439 3179 2512 3245 1116

1448 3283 1455 3299 ·
1523 3270 1655 3340 oportet
1687 3256 1753 3322 fide
1785 3279 1930 3324 aceensa
1962 3279 2023 3346 per
2054 3263 2204 3340 verbum,
2227 3284 2304 3349 Ι(166
2338 3283 2379 3329 66
2400 3285 2511 3333 verus

1521 3342 1617 3410 Deus
1644 3342 1810 3429 patefecit.
1877 3345 1963 3419 Quia
1996 3347 2083 3412 enim
2105 3368 2207 3413 verax
2231 3362 2295 3428 est,
2330 3347 2402 3415 vult
2425 3371 2511 3418 vere

1523 3433 1674 3515 agnosci,
1706 3451 1774 3495 non
1804 3429 1874 3495 vult
1905 3429 2047 3497 ludibria
2071 3434 2260 3517 opinionum
2284 3436 2325 3501 de
2348 3457 2388 3502 se
2410 3437 2510 3526 fingi,

1521 3519 1608 3581 sicut
1629 3515 1718 3601 impii
1752 3515 1902 3583 homines
1925 3516 2074 3584 horribili
2105 3517 2219 3586 furore
2253 3542 2386 3608 semper
2415 3519 2510 3591 sece-

1522 3615 1610 3682 runt,
1632 3602 1758 3668 faciunt
1780 3615 1813 3668 et
1833 3601 1968 3669 facient.

1606 3773 1739 3839 Deinde
1770 3776 1929 3859 praecipit
1967 3777 2009 3840 de
2040 3779 2164 3842 unitate
2186 3801 2261 3844 curn
2290 3778 2386 3862 Deo,
2418 3781 2510 3855 Quia

1522 3863 1607 3927 enim
1630 3862 1705 3926 ideo
1728 3864 1882 3927 conditus
1905 3876 1958 3926 est
1981 3860 2093 3941 homo,
2113 3876 2150 3929 61
2172 3867 2215 3929 611
2236 3867 2415 3932 611666166
2428 3867 2509 3935 1166

1520 3959 1677 4034 tanquam
1713 3950 1822 4033 capiti,
1856 3959 1889 4012 et
1922 3970 2000 4015 sese
2033 3948 2129 4015 Deus
2159 3953 2190 4014 in
2213 3961 2282 4016 tota
2303 3956 2509 4022 aeternitate

1520 4034 1642 4099 homini
1665 4037 1894 4113 communicet,
1918 4056 1985 4100 non
2008 4038 2228 4103 communicat
2251 4058 2290 4102 se
2306 4037 2441 4106 avulsis
2464 4043 2509 4108 ab

1520 4124 1606 4205 ipso,
1629 4120 1815 4187 furentibus
1838 4122 1916 4186 odio
1938 4123 2042 4209 ipsius
2065 4137 2097 4188 et
2118 4125 2262 4189 iustitiae
2285 4126 2404 4210 ipsius.

1605 4293 1810 4368 0666116666
1845 4307 1956 4372 autem
1989 4294 2045 4359 hic
2067 4316 2231 4379 expresse
2264 4271 2409 4380 11661116
2424 4320 2509 4366 esse

1518 4376 1737 4445 affirmativas
1761 4392 1794 4445 et
1815 4382 1990 4467 negativas
2009 4384 2202 4460 sententias,
2236 4381 2395 4468 Primum
2408 4388 2508 4472 poni·

1518 4476 1571 4530 tur
1592 4465 1806 4531 affirmativae
1827 4466 1900 4552 Ego
1923 4483 1998 4531 sum
2019 4465 2182 4532 Dominus
2205 4467 2300 4534 11666
2323 4482 2425 4551 1666,
2450 4476 2508 4560 qui

1517 4552 1614 4617 61661
1637 4564 1670 4618 16
1692 4554 1733 4617 16
1755 4563 1846 4617 terra
1867 4551 2025 4637 Aegypti.
2069 4549 2143 4620 Hoc
2161 4574 2246 4638 opus
2267 4575 2328 4620 seu
2351 4561 2507 4625 testimo·

1515 4640 1605 4703 nium
1628 4641 1669 4703 de
1691 4637 1766 4703 Deo
1789 4649 1925 4722 propter
1949 4639 2126 4704 discrimen
2148 4641 2293 4705 61111661
2317 4654 2389 4723 661,
2426 4647 2506 4731 (1616

1515 4726 1756 4790 discernendus
1779 4738 1831 4790 est
1853 4744 1952 4789 verus
1963 4723 2058 4789 11666
2076 4738 2109 4790 61
2131 4726 2317 4811 patefactus
2335 4749 2400 4794 suo
2427 4752 2504 4798 ver·

1515 4813 1558 4876 bo
1581 4814 1615 4875 in
1637 4809 1790 4876 Ecclesia
1812 4813 1853 4874 ab
1868 4812 2018 4875 omnihus
2039 4815 2275 4877 commenticiis
2294 4817 2503 4883 numinibus.

1515 4898 1639 4962 Omnes
1662 4896 1792 4962 Ethnici
1815 4895 1960 4962 fatentur
1982 4895 2106 4982 aliquid
2129 4919 2206 4962 esse
2228 4897 2358 4981 Deum,
2392 4915 2429 4967 61
2453 4905 2502 4968 in·

1514 4995 1647 5048 tuentur
1670 5005 1772 5067 opus,
1805 4980 1960 5048 videlicet
1982 4985 2094 5048 mundi
2117 4985 2298 5068 opificium,
2333 4990 2502 5073 (166(1661

1513 5070 1735 5134 testimonium
1769 5068 1924 5148 161166,
1959 5071 2019 5134 661
2043 5081 2240 5136 16666666
2263 5074 2347 5137 66116
2371 5078 2501 5142 661616

1513 5177 1701 5241 agnoscere
1722 5154 1843 5235 Deum,
1865 5156 1943 5240 quia
1965 5156 2048 5219 haec
2069 5159 2185 5222 notitia
2208 5160 2384 5239 excutitur,
2421 5184 2499 5228 curn

1511 5243 1662 5307 videmus
1694 5243 1801 5308 iustos
1834 5237 1938 5328 afiligi
1972 5253 2005 5307 61
2032 5240 2139 5307 malos
2160 5244 2292 5324 florere,
2314 5259 2348 5311 et
2371 5269 2498 5336 magno

1510 5329 1631 5413 impetu
1655 5331 1877 5394 dubitationes
1898 5329 2038 5408 irruunt,
2061 5332 2209 5397 anDeus
2233 5353 2297 5399 nos
2321 5344 2431 5419 curet,
2455 5355 2498 5401 an

1510 5417 1675 5495 exaudiat,
1699 5437 1741 5481 an
1765 5418 1814 5482 sic
1837 5412 1918 5480 velit
1940 5414 2016 5496 coli,
2039 5429 2072 5484 et
2093 5414 2260 5506 quomodo
2283 5419 2364 5487 velit
2387 5421 2469 5490 coli.

1596 5585 1707 5653 Edidit
1739 5590 1838 5676 igitur
1869 5588 1964 5657 Deus
1987 5603 2021 5656 61
2042 5595 2181 5659 verbum
2203 5593 2319 5659 atalia
2343 5597 2498 5665 testimo·
