5892 6709
465 657 530 722 tta
1083 655 1197 723 Pttth.
1218 656 1323 724 MEL.
1346 655 1535 725 SCRlP'l'A
1555 654 1834 723 uouttaucrt.
2409 656 2481 723 m

464 855 559 930 post:
604 843 886 916 Quemadmodum
918 845 1005 909 enim
1038 846 1094 931 qui
1116 857 1209 911 esta
1237 857 1327 910 terra
1346 846 1443 929 panis
1493 863 1638 910 mersum
1659 856 1724 924 est,
1734 843 1879 929 Rogavit
1889 803 2055 909 Elisacum
2068 844 2134 948 ‘qul
2155 845 2314 911 amiserat
2334 842 2476 925 senum,

464 929 652 1013 percipiens
676 931 885 995 vocatiouem
907 929 983 1007 Dei,
1002 932 1066 995 iam
1088 951 1155 995 uon
1180 933 1362 998 commanis
1385 952 1449 1014 pa·¹
1494 930 1582 995 misit
1614 931 1712 995 etiam
1734 926 1889 995 lilisacus
1920 927 2047 1017 liguum
2068 951 2260 1016 tirannum,
2292 943 2327 1020 et
2347 928 2478 998 ferrum

463 1016 516 1079 uis
550 1027 620 1093 est,
652 1016 715 1080 sed
747 1014 946 1081 eucharistia
981 1036 1023 1081 ex
1056 1017 1187 1082 duabus
1226 1019 1327 1081 rebus
1366 1035 1442 1083 cou-
1493 1017 1629 1095 natavit,
1653 1019 1763 1101 utique
1784 1028 1819 1080 et
1841 1012 1907 1080 hoc
1928 1028 2061 1100 praeter
2082 1027 2232 1082 naturam
2247 1018 2372 1082 iactum
2393 1037 2477 1083 esse

465 1113 579 1180 stans,
614 1111 747 1166 terrena
774 1100 984 1182 et‚coelesti,
1006 1102 1057 1167 sic
1089 1114 1122 1167 et
1150 1123 1293 1188 corpora
1324 1113 1442 1166 nostra
1494 1103 1742 1188 cognoscimus.
1765 1100 1980 1165 Grauiorest
2001 1102 2086 1165 enim
2108 1099 2188 1166 ferri
2207 1103 2353 1187 species,
2374 1124 2477 1189 quam

463 1186 679 1271 percipientis
706 1186 954 1266 eucharistiam,
987 1188 1052 1253 iam
1080 1208 1147 1253 non
1173 1200 1253 1254 sunt
1280 1188 1442 1272 corrupti·
1492 1206 1651 1272 aquarum
1668 1187 1789 1274 liquor.
1819 1185 2032 1251 advenimus
2055 1188 2152 1272 igitar
2172 1190 2306 1253 maioris
2317 1210 2397 1254 esse
2406 1190 2477 1255 vir·
2527 1247 2535 1257 ..

464 1268 555 1349 bilia,
577 1283 641 1336 etc.
1492 1274 1572 1336 tutis
1604 1275 1757 1360 gratiam,
1790 1290 1890 1359 quatu
1921 1286 2083 1358 naturam.
2138 1272 2181 1339 Et
2211 1272 2324 1340 adhuc
2345 1286 2476 1340 tantun

1493 1357 1712 1444 Propheticae
1724 1358 1963 1424 benedictionis
1974 1378 2184 1424 natueramus
2195 1361 2346 1445 gratiam.
2373 1359 2476 1433 Quod

550 1440 674 1507 thaut
705 1443 791 1506 inter
822 1442 1032 1507 Ambrosii
1065 1440 1189 1521 libros,
1229 1442 1296 1509 duo
1328 1439 1441 1521 libelli,
1493 1443 1523 1507 si
1554 1456 1680 1509 tautam
1713 1443 1816 1510 valuit
1848 1440 1993 1508 huutaua
2025 1444 2223 1524 benedictio,
2252 1456 2290 1511 ut
2320 1456 2477 1511 murram

464 1548 604 1613 quorum
626 1525 710 1592 alter
730 1524 858 1592 titulum
879 1527 981 1594 babet
1013 1530 1056 1594 de
1077 1529 1244 1616 mysteriis
1265 1529 1442 1606 initiandis,
1493 1541 1716 1609 converteret,
1737 1531 1815 1616 qnid
1837 1531 1984 1597 dicemus
2006 1530 2047 1594 de
2069 1530 2142 1613 ipsa
2160 1531 2475 1596 comecmtionedi·

464 1611 561 1691 alter,
582 1614 625 1678 de
647 1616 879 1691 sacramentis,
901 1616 933 1678 in
957 1614 1010 1679 his
1022 1611 1133 1699 palam
1145 1613 1339 1691 affiunatar,
1351 1614 1441 1699 quod
1493 1616 1583 1695 vina,
1607 1617 1665 1680 abi
1686 1619 1790 1681 verba
1811 1616 1885 1701 ipsu
1906 1614 2038 1679 Domini
2061 1611 2249 1680 salvatoris
2270 1615 2476 1701 operantur?

462 1718 530 1764 non
552 1710 678 1765 tantum
699 1701 865 1783 siguilicet
885 1702 980 1783 panis
997 1719 1122 1785 corpus
1143 1699 1293 1779 Domini,
1322 1702 1383 1764 sed
1406 1719 1443 1764 re
1492 1700 1578 1765 Nam
1600 1714 1843 1768 sacramentum
1864 1701 1953 1767 istud
1975 1701 2065 1786 quod
2086 1702 2231 1785 accipis,
2254 1699 2378 1767 Christi
2401 1720 2476 1766 ser·

423 1819 432 1830 -
462 1786 537 1868 ipsa
558 1805 682 1867 corpus
703 1783 828 1850 Christi
851 1786 947 1851 detur
968 1788 1001 1850 in
1024 1806 1141 1851 coena.
1171 1784 1245 1873 Ego
1262 1784 1327 1849 hos
1349 1782 1443 1851 libel·
1492 1806 1591 1852 mone
1623 1786 1807 1852 conficitur.
1871 1787 1972 1861 Quod
2005 1786 2036 1851 si
2068 1797 2195 1851 tautam
2228 1784 2334 1854 valuit
2361 1790 2476 1852 setvao

463 1867 517 1935 los
550 1873 649 1935 video
682 1890 749 1935 nou
781 1871 959 1937 admodum
992 1872 1171 1936 dissimiles
1203 1892 1280 1936 esse
1301 1868 1442 1936 aliorum
1493 1870 1602 1951 Eliae,
1636 1882 1673 1936 at
1705 1873 1817 1958 ignem
1838 1874 1881 1938 de
1902 1869 2001 1937 coelo
2024 1873 2223 1957 deponeret,
2256 1892 2326 1937 non
2347 1870 2476 1937 vaiebit

463 1956 632 2021 Ambrosii
655 1957 864 2040 scriptorum.
886 1956 930 2020 Et
946 1959 979 2021 iu
1001 1958 1189 2041 posteriore
1210 1959 1329 2022 citatur
1345 1978 1441 2044 grae·
1494 1956 1616 2023 Christi
1636 1977 1761 2037 sermo,
1785 1969 1823 2023 ut
1842 1959 1974 2042 species
1994 1968 2097 2023 mutet
2117 1954 2379 2023 elementorum?
2421 1956 2478 2022 Da

465 2042 636 2127 cafigura
652 2040 704 2120 cdv
714 2044 858 2105 inicium
869 2040 992 2126 ἡμέραν,
1015 2062 1107 2108 more
1118 2043 1300 2120 Ambrosii,
1323 2043 1383 2107 scd
1405 2053 1443 2108 ut
1493 2045 1595 2109 totius
1627 2043 1739 2109 mandi
1763 2046 1919 2128 operibus
1942 2041 2061 2129 legisti.
2105 2042 2191 2116 Quia
2211 2044 2286 2126 lpse
2308 2045 2408 2121 dixit,
2442 2054 2478 2108 ct

463 2147 530 2191 nou
553 2129 621 2191 sint
642 2124 822 2206 Ambrosii,
844 2136 923 2191 sant
944 2129 1029 2192 enim
1051 2126 1441 2194 sicsatisconfuse'scri·
1493 2124 1582 2193 sacta
1614 2140 1704 2206 suut,
1735 2130 1809 2213 ipse
1837 2130 2003 2194 mandavit
2030 2141 2063 2192 et
2084 2140 2198 2193 creata
2220 2142 2309 2193 sunt.
2353 2128 2477 2200 Seruio

463 2214 522 2297 pti,
545 2224 684 2296 apparet
706 2223 815 2276 tamen
839 2214 970 2278 circiter
991 2211 1050 2278 illa
1071 2225 1221 2297 tempora
1244 2225 1442 2291 natosasse,
1493 2234 1575 2299 ergo
1598 2211 1732 2291 Christi,
1754 2216 1810 2300 qui
1831 2216 1937 2300 potuit
1959 2236 2001 2279 ex
2022 2211 2126 2279 nihilo
2148 2209 2272 2293 iacere,
2294 2215 2383 2300 quod
2407 2234 2478 2278 nou

463 2311 658 2362 recensetur
679 2299 765 2362 enim
789 2311 884 2361 vetus
913 2319 1004 2385 mos,
1036 2301 1091 2384 qui
1113 2298 1232 2363 solitus
1255 2313 1306 2365 cst
1327 2301 1443 2363 obser·
1493 2310 1575 2377 erat,
1596 2319 1663 2363 non
1686 2312 1797 2382 potest
1818 2320 1859 2365 ec
1880 2311 2077 2386 quaesunt,
2099 2299 2188 2363 inid
2210 2313 2356 2379 matare,
2383 2301 2477 2386 quod

463 2387 534 2447 vari
556 2386 589 2447 iu
614 2384 819 2465 baptizandis
841 2382 905 2462 his,
928 2387 983 2469 qui
1004 2386 1069 2449 iam
1090 2386 1235 2469 grandes
1257 2397 1336 2449 natu
1359 2385 1444 2449 reci·
1493 2404 1561 2449 nou
1583 2384 1700 2450 eraut'l
1722 2397 1785 2450 etc.

354 2514 359 2522 -
463 2469 598 2553 piabant
618 2467 845 2554 Evangelium.
880 2467 922 2533 Et
943 2482 1069 2534 tantum
1092 2472 1231 2535 duorum
1253 2490 1443 2534 sacramen·

462 2566 568 2702 torcia
581 2555 712 2619 mentio
734 2552 783 2631 fit3
806 2553 979 2639 Baptismi‚
1001 2567 1035 2620 et
1058 2554 1194 2621 Coenam
1216 2553 1359 2621 Domini.
1394 2554 1443 2619 lbi

463 2658 513 2703 src
549 2642 673 2725 egitur:

548 2807 648 2873 Forte
670 2810 774 2874 utras.
818 2806 919 2874 Aliud
952 2810 1068 2890 video,
1097 2811 1264 2895 quomodo
1298 2821 1334 2875 tu
1364 2808 1445 2875 mihi

462 2898 601 2972 asseris,
624 2894 713 2979 qaod
736 2893 859 2958 Christi
882 2916 1004 2980 corpus
1021 2898 1203 2981 accipiam?
1235 2896 1277 2960 Et
1297 2894 1363 2960 hoc
1386 2914 1444 2958 uo·

461 2982 515 3047 bis
535 2979 646 3045 adhuc
664 2993 819 3064 superest
835 2993 871 3044 ut
882 2984 1071 3063 probemus.
1105 2982 1245 3055 Quantis
1267 2983 1368 3067 igitur
1384 2981 1446 3045 uti·

462 3088 537 3131 mur
557 3063 739 3149 exemplis?
759 3078 797 3132 ut
815 3068 993 3151 probemus
1016 3089 1082 3133 nou
1104 3067 1172 3132 hoc
1193 3089 1270 3132 esse
1286 3070 1375 3152 quod
1388 3088 1445 3132 na·

463 3164 538 3217 tara
556 3149 723 3230 formavit,
745 3154 805 3217 sed
830 3154 918 3237 quod
942 3156 1127 3219 benedictio
1138 3156 1360 3233 consecravit,
1377 3174 1445 3218 ma·

462 3240 633 3323 ioremque
665 3238 731 3303 vim
764 3259 841 3303 esse
875 3241 1135 3320 benedictionis,
1168 3259 1266 3326 quam
1292 3252 1443 3319 uatarae,

389 3321 391 3328 ’
434 3325 540 3409 ,qula
561 3322 791 3388 benedictione
814 3326 912 3391 etiam
934 3336 1051 3391 natura
1074 3328 1148 3411 ipsa
1169 3336 1325 3391 mutatur.
1369 3324 1445 3390 Vir·

462 3430 538 3496 gam
559 3412 695 3475 tenebat
710 3408 849 3488 Melsos,
872 3413 1013 3493 proiecit
1031 3433 1114 3491 eam,
1136 3423 1170 3476 et
1190 3412 1283 3477 facta
1301 3421 1355 3476 est
1374 3431 1444 3475 ser·

461 3515 555 3580 pens.
600 3494 732 3560 Rursus
755 3493 971 3580 apprehendit
994 3498 1133 3563 caudam
1152 3498 1333 3581 serpentis,
1356 3509 1389 3561 et
1411 3499 1444 3560 in

460 3582 578 3666 virgae
600 3592 753 3645 naturam
775 3583 962 3647 revertitur.
997 3582 1100 3647 Vides
1129 3584 1230 3669 igitur
1250 3581 1445 3667 prophetica

462 3667 569 3753 gratia
597 3664 649 3730 his
678 3677 834 3730 mutatam
858 3687 935 3730 csse
956 3678 1127 3746 naturam,
1161 3680 1194 3734 et
1224 3670 1389 3753 serpentis
1412 3678 1445 3732 ct

462 3754 589 3837 virgae.
634 3750 821 3817 Currebant
842 3750 988 3837 Aegypti
1020 3752 1154 3817 llumina
1175 3774 1260 3845 paro
1282 3774 1444 3838 aquarum

381 3915 386 3922 ⁴
461 3850 613 3916 meatu,
639 3839 750 3902 sabito
791 3839 833 3902 de
864 3835 1002 3901 sontium
1037 3839 1130 3902 venis
1163 3838 1301 3924 sanguis
1336 3840 1446 3923 coepit

462 3944 555 3989 erum
580 3942 647 3989 ere.
693 3922 769 3988 Non
803 3934 874 3987 erat
902 3934 1003 4007 potus
1033 3924 1065 3986 in
1089 3923 1217 4003 llnviis,
1250 3922 1380 3990 Rursus
1401 3924 1443 3988 ad

461 3945 651 4095 Propletae
670 4028 792 4094 preces
814 4010 1262 4096 crntrrcessavitlluminum‚
1283 4031 1443 4097 aquarum

461 4106 580 4161 natura
601 4096 771 4159 remeavit.
796 4091 1044 4159 Circumclusus
1066 4098 1211 4182 undique
1241 4109 1313 4160 erat
1340 4116 1444 4180 papa·

462 4178 516 4246 lus
538 4179 756 4259 Ebraeorum,
777 4179 856 4244 hiuc
878 4181 1054 4265 Aegyptiis
1077 4180 1242 4259 vallatus,
1264 4182 1444 4247 indentari

411 4271 414 4280 '
464 4264 603 4331 clausus
626 4267 755 4351 virgam
776 4262 900 4330 levavit
920 4265 1061 4344 diuisas,
1094 4268 1261 4351 separarit
1284 4285 1322 4331 se
1345 4287 1444 4351 aqua,

463 4364 497 4417 et
518 4353 551 4416 in
573 4373 740 4416 murorum
764 4352 910 4436 speciem
930 4349 1132 4437 congelavit,
1154 4364 1254 4438 atque
1276 4351 1362 4417 iuter
1383 4372 1443 4417 un·

463 4439 525 4502 das
547 4439 602 4502 via
621 4437 788 4523 pedestris
808 4439 972 4522 apparuit,
994 4438 1142 4502 iordanis
1164 4451 1346 4502 retrorsum
1365 4457 1444 4501 coa·

463 4542 583 4589 versas
617 4536 735 4588 eontra
766 4537 918 4589 naturam
940 4524 972 4586 in
995 4524 1047 4588 sui
1070 4520 1173 4587 sontis
1190 4524 1368 4588 revertitur
1387 4544 1444 4589 cx·

463 4608 602 4673 ordinm.
645 4607 765 4672 Nonne
787 4606 893 4673 claret
914 4620 1066 4674 naturam
1084 4606 1138 4674 vel
1160 4609 1359 4676 marinorum
1382 4608 1443 4674 llu-

463 4693 668 4772 ctuum‚.vel
681 4692 822 4760 llurialis
844 4714 965 4760 cursus
987 4714 1066 4758 esse
1085 4695 1266 4760 mutatam?
1303 4695 1443 4760 Sitiebat

461 4776 607 4864 populus
636 4793 777 4863 patrum,
808 4781 915 4867 tetigit
935 4778 1065 4843 Moises
1093 4794 1220 4865 petram
1242 4791 1274 4846 et
1297 4800 1382 4865 aqua
1401 4781 1443 4844 de

1580 2587 1675 2654 llaec
1707 2603 1774 2655 tam
1800 2585 1905 2676 longa
1937 2588 2086 2655 recitatio
2124 2587 2350 2673 exemplorum
2383 2587 2477 2656 clare

1496 2675 1643 2741 ostendit
1664 2686 1812 2740 autorem
1834 2676 1998 2754 sensisse,
2021 2693 2140 2757 panem
2161 2695 2229 2740 nou
2250 2694 2331 2740 esse
2348 2685 2477 2741 tautum

1495 2762 1639 2848 riguum,
1662 2761 1722 2825 sed
1739 2772 1890 2825 naturam
1912 2760 2008 2845 panis
2030 2760 2159 2826 mutari.
2350 2782 2355 2824 t

1583 2965 1813 3030 Gratianus
1836 2959 2071 3030 citavitlocum
2083 2982 2126 3030 ex
2138 2964 2396 3050 Augustino,
2419 2964 2474 3050 qui

1496 3048 1582 3116 male
1603 3052 1754 3117 detortus
1775 3052 1818 3115 ad
1841 3070 1978 3116 coenam
1995 3047 2202 3115 Dominicam
2226 3048 2349 3116 multos
2373 3048 2477 3115 olien-

1496 3138 1554 3201 dit.
1585 3137 1698 3210 Quare
1720 3157 1763 3201 ne
1785 3137 1859 3223 quis
1881 3137 2071 3219 imprudens
2093 3133 2279 3215 falleretur,
2301 3137 2378 3201 duri
2402 3156 2478 3200 eunt

1496 3224 1730 3290 ascribendum
1750 3243 1792 3288 ac
1819 3222 2045 3304 reponendum
2078 3242 2174 3302 osse,
2205 3224 2298 3304 ptius
2325 3223 2477 3288 recitabo

1495 3320 1601 3374 totum
1624 3319 1734 3393 caput,
1755 3320 1792 3373 ut
1812 3319 1903 3373 extat
1923 3307 1957 3371 in
1979 3304 2066 3373 libro
2085 3305 2320 3375 Decretorum.

1582 3494 1693 3561 Prima
1725 3495 1856 3581 quidem
1873 3492 2032 3558 llaeresis
2064 3495 2099 3560 iu
2131 3492 2302 3579 discipulis
2337 3493 2475 3575 Christi,

1497 3581 1588 3649 velut
1610 3602 1630 3646 a
1652 3582 1771 3647 duritia
1793 3583 1867 3646 eius
1890 3580 2055 3645 sermonis
2077 3580 2166 3645 lacta
2190 3593 2254 3645 est.
2283 3579 2367 3646 Cum
2390 3582 2477 3646 enirn

1498 3671 1640 3733 dicerett
1685 3668 1755 3731 Nisi
1774 3670 1849 3751 quis
1871 3667 2120 3732 manducaverit
2144 3686 2278 3732 carnem
2300 3688 2422 3747 meam,
2445 3677 2481 3732 et

1497 3755 1616 3820 biberit
1644 3754 1838 3837 sanguinem
1860 3773 1981 3830 meum,
2002 3771 2069 3816 non
2092 3753 2229 3816 habebit
2250 3753 2352 3817 vitam
2369 3767 2480 3819 aeter·

1497 3860 1583 3904 nam.
1629 3834 1679 3901 llil
1711 3857 1792 3902 vero
1819 3858 1887 3901 nou
1908 3835 2130 3923 intelligentes
2160 3838 2314 3903 dixerunt
2334 3840 2377 3903 erl
2397 3839 2481 3904 invi·

1498 3945 1587 3989 cem:
1610 3922 1725 3987 Durus
1748 3935 1799 3987 est
1821 3922 1875 3988 hic
1893 3943 2014 3987 sermo.
2059 3923 2141 3996 Quis
2159 3943 2232 3987 eum
2250 3936 2362 4007 potest
2385 3944 2478 3989 mau-

1497 4011 1644 4077 ducarc‘i
1679 4004 1855 4088 Dicentes,
1883 4010 1986 4073 durus
2008 4019 2059 4073 est
2080 4010 2135 4073 hic
2157 4029 2279 4087 semro,
2296 4029 2478 4094 separave-

1497 4109 1574 4162 runt
1591 4116 1629 4159 se
1646 4097 1689 4159 ab
1712 4091 1781 4173 illa,
1803 4109 1836 4160 et
1857 4095 2016 4159 remansit
2039 4115 2112 4159 cum
2136 4096 2311 4159 duodecim
2330 4096 2476 4180 discipu·

1495 4180 1548 4246 lis.
1592 4178 1850 4245 Discedentibus
1872 4178 1937 4244 illis
1964 4182 2119 4245 instruxit
2146 4200 2206 4244 eos
2228 4180 2283 4267 qai
2305 4201 2476 4247 remanse-

1495 4277 1582 4346 runt,
1600 4266 1742 4351 Spiritus
1761 4277 1831 4344 est,
1853 4266 1973 4351 iuquit,
1996 4267 2052 4351 qui
2074 4264 2230 4332 vivificat.
2274 4264 2363 4340 Caro
2394 4263 2475 4331 nibil

1496 4353 1642 4437 prodest.
1674 4350 1789 4416 Verba
1807 4372 1893 4436 quae
1911 4347 2043 4415 locutus
2065 4372 2138 4415 sum
2160 4352 2203 4416 ad
2215 4371 2278 4415 vos
2289 4353 2429 4436 spiritus
2442 4362 2475 4417 ct

1495 4439 1563 4504 vita
1585 4450 1673 4504 sunt.
1718 4434 1927 4503 lutellexistis
1944 4434 2171 4541 spiritualiter,
2191 4437 2329 4520 spiritus
2350 4450 2385 4501 et
2407 4439 2476 4502 vita

1495 4536 1583 4589 sant.
1627 4520 1830 4589 intellixistis
1849 4523 2037 4603 carnaliter,
2066 4524 2164 4587 etiam
2186 4524 2236 4588 sic
2257 4519 2316 4600 illa
2336 4524 2474 4606 spiritus

1495 4621 1528 4674 ct
1546 4610 1718 4688 vitasunt,
1737 4612 1797 4673 sed
1816 4609 1873 4672 tibi
1895 4628 1963 4672 nou
1987 4619 2064 4673 sunt
2086 4609 2222 4693 spiritus
2244 4620 2278 4673 et
2300 4609 2388 4687 vita,
2440 4610 2472 4674 ui

1494 4694 1710 4780 spiritualiter
1738 4714 1805 4758 nan
1833 4691 2008 4780 intelligis,
2047 4691 2267 4779 Spiritualiter
2298 4692 2473 4781 iutelligite

1494 4800 1580 4865 qaae
1600 4778 1734 4845 locatas
1755 4799 1840 4844 sum.
1882 4780 1958 4845 Non
1976 4778 2043 4845 lroc
2065 4798 2200 4866 corpus,
2223 4782 2315 4865 quod
2336 4782 2471 4859 videtis,

337 4916 350 4927 ..
461 4876 556 4952 petra
579 4865 684 4931 lluxit.
707 4866 874 4951 Numquid
896 4885 963 4930 non
986 4877 1119 4950 praeter
1136 4880 1286 4932 naturam
1305 4877 1442 4951 operata
1494 4865 1719 4932 manducaturi
1738 4866 1832 4944 estis,
1856 4865 2028 4930 etbibitati
2046 4861 2354 4951 illumsanguiuem,
2373 4887 2471 4952 quem

462 4962 515 5017 est
536 4952 656 5038 gratia,
679 4963 715 5016 ut
735 4973 855 5036 aquam
878 4964 1027 5017 vomeret
1048 4963 1156 5038 petra,
1179 4974 1277 5039 quam
1299 4972 1365 5016 non
1384 4950 1441 5015 ha·
1494 4950 1630 5018 ell'asun‘
1652 4963 1742 5031 suut,
1762 4952 1818 5036 qui
1839 4970 1893 5015 me
1910 4950 2116 5037 crucifigent,
2140 4951 2393 5017 Sacramentum
2415 4949 2472 5016 ali·

430 5054 433 5061 ·
461 5038 562 5103 behat
582 5037 725 5103 naturai
756 5036 888 5102 lilarath
906 5036 1029 5104 lluvius
1051 5040 1278 5103 ararorissimus
1300 5049 1382 5114 erat,
1404 5047 1441 5101 ut
1493 5040 1582 5123 quod
1617 5039 1713 5103 vobis
1748 5034 2236 5121 commendavi,spiritualiter
2267 5035 2472 5103 intellectum

461 5126 578 5189 sitiens
611 5120 755 5209 populus
783 5124 897 5202 bibere
926 5144 993 5189 uon
1022 5136 1149 5209 posset.
1192 5123 1285 5188 blisit
1311 5124 1440 5188 ltloisas
1491 5123 1638 5190 vivificat
1664 5141 1739 5189 vos.
1783 5118 1873 5186 Caro
1895 5134 2007 5187 autem
2028 5142 2095 5186 nou
2119 5124 2258 5209 prodest
2278 5125 2471 5210 quidquam,

461 5207 588 5298 lignum
610 5211 643 5274 in
666 5230 802 5295 aquam,
836 5220 871 5273 et
891 5210 1140 5275 amaritudinem
1162 5230 1256 5275 suam
1279 5229 1439 5294 aquarum
1492 5209 1559 5275 sed
1588 5209 1755 5295 quomodo
1787 5205 1836 5271 illi
1863 5204 2115 5288 intellexerunt,
2142 5208 2193 5274 sic
2214 5210 2471 5293 responderunt.

460 5307 579 5361 natura
600 5298 772 5381 deposuit,
801 5314 899 5380 quatu
922 5297 1031 5360 inlusa
1054 5297 1166 5362 subito
1188 5296 1381 5382 gratiaram
1406 5314 1439 5360 e·
1492 5292 1634 5361 Carnem
1656 5296 1777 5379 qnippe
1804 5292 1855 5357 sic
1876 5290 2124 5373 intellexerunt,
2158 5294 2244 5359 sicut
2272 5295 2306 5359 in
2329 5292 2471 5361 macello

376 5409 380 5416 ·
460 5384 558 5448 ravit.
601 5382 672 5448 sub
694 5380 829 5447 Elisaeo
847 5378 1016 5466 l'ropbeta
1036 5382 1093 5447 uui
1125 5401 1168 5447 ex
1195 5378 1272 5445 liliis
1294 5316 1440 5468 Propte-
1492 5382 1656 5456 venditur,
1677 5391 1734 5443 aut
1755 5380 1787 5443 iu
1811 5378 1977 5445 cadavere
1998 5377 2184 5446 dilaniatur.
2220 5378 2340 5445 Sciens
2359 5394 2471 5448 autem

461 5481 569 5535 tarum
600 5488 780 5537 excussum
811 5476 863 5533 est
894 5466 1019 5574 serrum
1048 5467 1243 5545 desecari,
1276 5476 1310 5533 et
1329 5467 1440 5532 statim
1492 5465 1599 5546 lesus,
1621 5466 1681 5531 ait:
1702 5462 1767 5529 hoc
1785 5484 1848 5530 vos
1865 5462 2081 5545 scandalizat,
2103 5466 2182 5551 quia
2202 5465 2287 5546 diri,
2308 5469 2353 5533 do
2371 5466 2471 5534 vobis
