5892 6709
474 599 590 695 m*

472 819 579 885 berati
597 839 618 884 a
639 814 715 902 lege
735 812 873 894 morali,
901 811 1083 894 videlicet,
1114 814 1282 880 iudicante
1314 825 1347 878 et
1369 813 1458 879 ceci·

472 905 671 980 deuteros,
694 914 727 967 et
749 904 791 966 ab
814 914 952 966 aeterna
972 902 1041 979 ira,
1075 921 1174 986 quam
1194 897 1252 965 lex
1275 900 1456 965 denuntiat.

430 998 433 1004 '
471 989 601 1057 Norant
634 991 667 1053 in
697 986 756 1053 illa
776 984 920 1052 naturali
942 989 1057 1051 notitia
1078 1007 1145 1051 non
1166 1007 1229 1070 pro
1254 987 1310 1051 oni
1332 986 1457 1073 gratid-

472 1088 541 1142 tam
572 1076 803 1141 remissionem
835 1083 1070 1157 peccatorum,
1102 1072 1178 1137 ideo
1210 1008 1345 1137 aliunde
1366 1082 1457 1157 pete·

474 1166 557 1228 bant
578 1161 818 1237 remissionem,
840 1159 939 1232 Quod
960 1160 990 1222 si
1012 1160 1200 1222 sensissent
1222 1159 1267 1223 ita
1289 1177 1326 1223 se
1348 1160 1457 1223 iustos

471 1246 556 1327 lore,
579 1270 655 1314 cum
677 1248 749 1311 sine
769 1245 847 1309 vitio
871 1257 999 1322 essent,
1023 1246 1281 1310 succubuissent
1301 1246 1457 1330 inagone

471 1334 713 1410 conscientiae,
742 1333 804 1396 sed
827 1341 944 1396 norant
965 1332 1040 1395 ideo
1063 1332 1264 1415 promissum
1286 1349 1366 1395 esse
1386 1327 1456 1396 Sal·

472 1431 634 1497 vatorem,
657 1430 694 1484 ut
716 1428 901 1483 statuerent
922 1436 961 1483 se
982 1414 1117 1502 placere
1138 1415 1227 1495 Deo,
1249 1417 1381 1481 etiarnsi
1403 1435 1456 1481 es·

360 1563 363 1568 .
388 1511 390 1515 '
472 1520 548 1571 sent
569 1505 695 1590 indigni
717 1515 751 1568 et
771 1504 939 1569 immundi.
984 1503 1043 1567 Sic
1071 1505 1261 1568 sentiebant
1287 1521 1327 1567 se
1347 1503 1456 1567 iustos

471 1611 662 1745 gqlsatnon
694 1601 832 1676 propter
860 1587 988 1676 legem,
1021 1590 1084 1654 sed
1115 1598 1254 1673 propter
1281 1600 1456 1655 venturum

530 1699 571 1744 va
586 1697 690 1742 orem.

557 1847 630 1915 llas
663 1858 773 1912 tantas
805 1866 863 1912 res
898 1842 1131 1930 complectitur
1151 1843 1305 1911 liberatio
1327 1841 1458 1932 alege,

472 1955 558 2021 quas
579 1954 645 1998 nou
667 1930 855 2020 intelligunt
876 1930 1029 1996 homines
1051 1933 1180 2010 securi,
1213 1932 1267 2017 qui
1290 1932 1459 2011 nesciunt,

472 2022 552 2106 quid
584 2021 628 2086 sit
660 2040 742 2102 vera
767 2018 985 2103 poenitentia,
1018 2018 1203 2097 invocatio,
1237 2019 1379 2103 denique
1401 2020 1458 2103 qui

448 2127 540 2189 ¹non
562 2117 760 2172 exercentur
772 2103 1031 2181 adflictionibus,
1054 2116 1087 2168 et
1109 2116 1165 2167 aut
1186 2101 1311 2169 habeut
1328 2105 1457 2169 animos

472 2206 669 2278 occupatos·
689 2189 929 2274 voluptatibus
962 2201 1019 2254 aut
1052 2186 1260 2255 delectantur
1292 2190 1364 2255 suis
1388 2190 1458 2274 opi-

470 2281 641 2356 nionibuS,
674 2288 707 2342 et
727 2288 950 2361 aspernantur
966 2276 1106 2340 verbum
1127 2274 1203 2353 Dei,
1232 2285 1290 2342 aut
1310 2277 1354 2342 ad
1377 2294 1457 2341 suas

470 2366 725 2452 imaginationes
747 2362 921 2445 inflectunt
940 2382 982 2427 ac
1004 2372 1229 2446 corrumpunt.

450 2555 467 2562 ·
556 2532 714 2600 Nonnulli
736 2533 921 2599 adversarii
938 2534 1135 2613 astutiores,
1168 2535 1232 2598 etsi
1252 2533 1368 2598 vident
1388 2530 1458 2598 Au·

471 2622 594 2710 gustini
618 2633 650 2686 et
672 2633 823 2685 nostram
843 2621 1148 2702 interpretationem
1169 2638 1250 2683 vera
1272 2638 1350 2683 esse
1362 2616 1458 2684 Pauli

471 2707 746 2791 acPropheticae
768 2719 801 2770 et
812 2704 1031 2790 Apostolicae
1051 2706 1237 2788 scripturae
1248 2706 1457 2785 sententiam,

372 2813 374 2817 ·
472 2806 583 2859 tamen
618 2796 818 2877 obstrepunt
850 2792 961 2870 uobis,
994 2803 1027 2855 et
1050 2791 1218 2878 Origenis,
1253 2790 1458 2879 Hieronymi,

474 2878 720 2966 Chrysostomi,
753 2890 787 2941 et
808 2878 925 2942 nescio
948 2898 1087 2962 quorum
1109 2878 1319 2942 autoritatem
1344 2878 1456 2956 citant,

472 2989 541 3031 uon
564 2967 653 3051 quod
674 2963 752 3029 illos
775 2985 855 3028 vere
878 2984 919 3028 ex
941 2965 1051 3028 animo
1072 2966 1227 3049 probent,
1250 2964 1458 3042 sedtantum,

472 3065 508 3119 ut
530 3052 644 3118 fucum
666 3048 790 3115 faciant
810 3049 983 3135 imperitis,
1005 3070 1049 3114 nc
1071 3051 1244 3115 videantur
1267 3050 1359 3115 victi.
1380 3048 1458 3113 Non

473 3140 560 3204 enim
592 3135 747 3203 adferunt
779 3137 963 3201 adversarii
994 3136 1037 3199 ad
1066 3135 1152 3200 baec
1180 3137 1360 3201 certamina
1398 3136 1458 3200 bo·

470 3245 549 3289 nam
572 3224 809 3289 conscientiam
832 3234 865 3286 et
886 3222 1029 3286 studium
1064 3224 1275 3307 quaerendae
1297 3222 1457 3301 veritatis,

471 3311 540 3375 Sed
575 3312 687 3376 odium
720 3311 839 3388 nostri,
872 3319 1095 3392 contemptum
1121 3307 1309 3394 Evangelii,
1345 3329 1459 3372 curam

470 3397 614 3462 tuendae
636 3417 719 3462 suae
740 3396 938 3461 autoritatis.
984 3393 1072 3467 Quid
1117 3392 1237 3478 opulus
1259 3397 1301 3460 de
1323 3391 1458 3459 Christo

472 3482 606 3562 sentiat,
628 3484 793 3569 quomodo
812 3481 1003 3547 erudiantur
1024 3416 1220 3559 Ecclesiae,
1255 3479 1337 3545 nihil
1354 3481 1398 3546 ad
1420 3499 1459 3544 se

471 3569 638 3653 pertinere
659 3570 817 3646 iudicant,
840 3587 881 3630 ac
903 3567 1020 3650 partim
1042 3587 1062 3630 a
1087 3577 1157 3631 erte
1179 3571 1337 3633 exercent
1358 3586 1459 3654 syco-

471 3652 675 3740 phanticam,
693 3664 730 3718 ut
752 3649 934 3729 Cochleus,
964 3650 1050 3716 Vuic
1085 3654 1136 3716 ius
1158 3664 1192 3717 et
1213 3651 1350 3733 similes,
1382 3672 1459 3737 par·

472 3741 531 3803 tim
553 3750 632 3805 suut
653 3740 799 3825 tyranni,
820 3750 853 3803 et
876 3751 1097 3824 tyrannorum
1119 3735 1294 3817 satelliteS,
1315 3738 1458 3824 quipro·

496 3838 548 3891 ter
579 3826 763 3910 sapientiae
802 3835 859 3890 aut
902 3825 1031 3889 virtutis
1055 3824 1244 3908 opinionem
1271 3824 1458 3911 gubernant

471 3848 682 3988 Pontificum,
704 3909 835 3997 Regum
856 3920 890 3974 et
911 3908 1101 3994 Principum
1124 3909 1277 3990 consilia,
1299 3931 1374 3975 cum
1391 3911 1458 3973 sint

469 3998 625 4064 homines
648 3996 750 4075 taem,
785 3997 842 4081 qui
874 3996 907 4060 in
939 3995 1134 4061 universum
1155 3998 1358 4061 arbitrantur
1379 3994 1457 4061 reli·

440 4145 442 4150 ,
476 4086 594 4172 gioues
618 4083 868 4149 commenticias
886 4101 985 4161 csse,
1018 4103 1060 4147 ac
1081 4082 1146 4146 sibi
1178 4084 1242 4167 ipsi
1274 4084 1393 4148 mirum
1423 4083 1456 4147 in

470 4173 606 4239 modum
628 4169 694 4235 hoc
716 4170 849 4233 nomine
871 4166 1016 4253 placent,
1039 4168 1128 4252 quod
1149 4171 1259 4233 ausint
1290 4166 1458 4233 ᾰπιπέδειν

471 4282 496 4321 π
523 4257 549 4331 ’ς
570 4255 624 4331 τὰς
644 4254 788 4342 βρονιᾶς,
822 4266 857 4319 ut
879 4250 934 4318 ille
952 4255 1042 4339 apud
1063 4252 1235 4318 Comicum
1256 4254 1371 4339 inquit.
1415 4254 1459 4318 Et

472 4355 506 4408 ta
522 4362 560 4406 es
578 4343 697 4407 dicturi
729 4350 808 4405 suut
831 4340 1014 4404 sententias
1041 4339 1075 4402 in
1098 4338 1244 4425 Synodis
1266 4340 1310 4404 de
1332 4338 1458 4405 Christi

471 4426 592 4515 gloria,
612 4428 707 4494 cuius
728 4445 851 4492 nomen
872 4445 950 4491 esse
971 4422 1163 4492 fabulosum
1185 4425 1342 4514 cogitant·

558 4598 703 4665 Proinde
736 4599 812 4685 pios
845 4594 991 4664 lectores
1028 4596 1208 4678 adhortor,
1245 4598 1386 4682 primum
1421 4609 1458 4664 ut

472 4686 688 4754 considerent
708 4705 833 4772 genera
854 4684 1038 4763 doctrinae,
1060 4685 1125 4749 utri
1144 4681 1336 4768 simpliciter
1358 4694 1392 4749 et
1413 4687 1458 4751 si·

470 4794 516 4839 ne
549 4765 732 4858 sophistica
753 4774 953 4838 seutentiam
975 4771 1163 4854 scripturae
1183 4769 1404 4856 Propheticae
1425 4783 1458 4837 et

470 4855 690 4945 Apostolicae
711 4870 907 4945 proponant.
952 4855 1095 4936 Deinde,
1119 4878 1193 4921 oum
1214 4856 1335 4922 Patres
1357 4860 1459 4923 citan-

471 4958 547 5053 tur,
573 4965 660 5031 quae
693 4945 782 5051 dicta
803 4942 939 5010 Patrum
972 4954 1060 5051 sunt·
1073 4954 1305 5092 consputanea
1326 4946 1458 5010 divinae

470 5054 559 5200 :qut
571 5031 633 5184 ιιιΕ
635 5042 767 5184 81ξὲιὶῗέ
776 5054 834 5183 ¹1lu
858 5052 898 5184 el
910 5028 1458 5204 dpqqpplpquffipprsqm.v5qsnttrpsj

470 5208 645 5293 utriusque
672 5204 780 5292 partis
812 5206 998 5310 spectanda
1015 5216 1094 5309 est,
1110 5214 1150 5308 et·
1167 5223 1296 5269 summa
1317 5200 1456 5270 consilii.

468 5289 585 5467 llll.
619 5290 1458 5478 ...itlttsisttttitti{ittittti

471 5465 560 5546 dem,
590 5464 789 5533 confirment
821 5474 855 5531 et
876 5465 1023 5531 muniant
1045 5483 1139 5549 opes.
1183 5461 1264 5544 ldeo
1286 5461 1402 5551 Reges
1424 5474 1459 5530 et

469 5549 654 5620 Pontifices
674 5549 899 5622 adversantur
930 5550 1087 5639 coniugio
1109 5548 1348 5631 Sacerdotem
1379 5551 1459 5639 qula

1022 565 1864 730 ”rfflmmmfflmmfflm

2289 619 2502 708 ,2m

1510 813 1623 878 vident
1645 810 1843 880 coelibatum
1860 812 1904 878 ad
1926 812 2132 878 retinendam
2153 812 2334 898 potentiam
2356 823 2390 878 et
2412 832 2498 899 opes

1509 899 1746 984 expeditiorem
1779 918 1864 964 esse
1887 895 1984 968 ¹lloc
2017 898 2117 962 modo
2134 925 2137 930 ·
2152 919 2226 963 cum
2260 910 2374 963 extent
2395 911 2500 966 notae

1509 986 1629 1070 impiae
1652 983 1832 1050 voluntatis
1855 988 1888 1051 in
1911 986 2108 1071 quibusdam
2130 982 2317 1073 manifestis
2330 982 2497 1066 articulis,

1509 1072 1593 1136 satis
1615 1084 1754 1156 apparet
1776 1091 1836 1136 eos
1858 1091 1925 1136 non
1949 1071 2068 1157 agitari
2091 1072 2180 1136 bono
2193 1071 2329 1154 Spiritu,
2352 1070 2421 1135 Sed
2445 1090 2499 1136 es·

1509 1176 1548 1222 se
1569 1154 1685 1222 hostes
1703 1156 1839 1235 Christi,
1862 1168 1895 1222 et
1916 1176 1979 1221 nec
2001 1159 2035 1220 in
2058 1158 2200 1222 caeteris
2223 1153 2372 1221 articulis
2395 1176 2499 1243 quae·

1509 1264 1584 1308 rere
1606 1243 1789 1309 veritatem.
1812 1243 1928 1318 Quare
1949 1263 2067 1308 eorum
2088 1242 2210 1308 iudicia
2233 1253 2428 1309 constanter
2445 1265 2500 1310 re·

1508 1330 1693 1413 pudiemus.

1594 1497 1732 1565 Psalmo
1753 1499 1808 1564 tt.
1837 1497 1980 1565 affirmat
2009 1511 2161 1565 renatum
2180 1520 2249 1565 uon
2271 1519 2352 1566 esse
2372 1500 2499 1567 iustum
2531 1513 2534 1518 '

1507 1597 1646 1673 propter
1668 1606 1782 1671 opera,
1804 1588 1866 1651 sed
1888 1586 1964 1667 lide,
1987 1585 2045 1652 Sic
2068 1588 2156 1651 enim
2179 1586 2300 1671 inquit:
2329 1582 2499 1672 Planeti·

1509 1692 1574 1751 me,
1597 1674 1626 1736 si
1648 1673 1769 1738 iustum
1790 1684 1824 1737 te
1847 1674 1941 1752 dicis,
1959 1673 1989 1736 si
2010 1693 2078 1738 non
2101 1671 2208 1737 babes
2220 1668 2311 1736 illam
2320 1692 2443 1738 vocem
2456 1692 2500 1739 ax

1509 1757 1577 1824 alio
1598 1755 1751 1823 Psalmo:
1773 1758 1825 1823 Na
1846 1760 1951 1824 intres
1973 1759 2005 1823 in
2029 1758 2183 1824 iudicium
2199 1778 2278 1822 cum
2301 1777 2403 1824 servo
2428 1769 2500 1839 tuo,

1509 1843 1596 1909 Nam
1613 1845 1643 1908 si
1665 1845 1820 1910 iudicium
1842 1845 2033 1911 exhibueris
2055 1844 2128 1910 sine
2150 1846 2397 1924 misericordia,
2430 1865 2500 1930 quo

1509 1929 1588 1996 ibo?
1631 1930 1668 1996 si
1689 1931 1881 2016 iniquitates
1905 1932 2141 2008 observaveris
2164 1929 2318 2008 Domine,
2352 1929 2515 1998 Domina·

1510 2017 1586 2102 quis
1608 2016 1808 2081 sustinebit?
1850 2018 1901 2082 Ne
1935 2020 2038 2082 intres
2064 2020 2098 2082 in
2120 2016 2276 2082 iudicium
2296 2037 2372 2082 cum
2393 2036 2501 2083 servo

1510 2113 1580 2182 tuo,
1603 2104 1681 2189 quia
1702 2123 1769 2167 nou
1791 2102 2025 2168 iustificabitur
2046 2105 2079 2168 in
2103 2114 2288 2187 conspectu
2309 2114 2368 2168 tuo
2387 2104 2501 2168 omuis

1510 2189 1641 2253 vivens.
1664 2186 1757 2275 Ergo
1780 2190 1898 2254 sinon
1921 2188 2154 2255 iustificabitur
2175 2189 2217 2253 im
2232 2199 2501 2273 eonspecttrtuo

1511 2275 1617 2339 omnis
1641 2275 1771 2355 vivens,
1827 2277 1881 2340 uia
1904 2278 2091 2362 quicunque
2112 2274 2168 2339 hic
2190 2277 2287 2353 vivit,
2339 2272 2504 2342 uanrlibet

1509 2360 1596 2426 iuste
1614 2361 1706 2440 vivit,
1725 2381 1789 2427 vac
1810 2359 1869 2441 ili,
1889 2364 1918 2426 si
1942 2383 2015 2426 cum
2038 2382 2078 2426 eo
2102 2365 2135 2426 in
2154 2363 2309 2427 iudicium
2367 2382 2431 2427 eus
2454 2364 2506 2428 in··

1509 2448 1658 2513 traverit.
1701 2445 1788 2514 Nam
1820 2458 1853 2513 et
1878 2448 1966 2532 apud
1988 2445 2088 2512 alium
2109 2445 2312 2531 Prophetam
2333 2469 2505 2534 arrogan-

1510 2543 1563 2597 tes
1585 2543 1618 2597 et
1640 2534 1807 2617 superbos
1831 2535 1881 2598 sic
1903 2535 2071 2619 obiurgat:
2096 2533 2208 2606 Quare
2229 2535 2502 2600 mecumiudicio

1510 2617 1732 2684 contenditis?
1755 2618 1881 2685 Omnes
1904 2618 2127 2705 dereliquistis
2139 2641 2204 2700 me,
2228 2620 2307 2685 dicit
2319 2618 2503 2688 Dominus·

1509 2703 1588 2770 Noli
1610 2724 1692 2791 ergo
1714 2706 1836 2770 iudicio
1871 2707 2096 2788 contendere,
2128 2704 2170 2769 da
2192 2727 2326 2790 operam
2349 2726 2432 2772 esse
2454 2708 2504 2773 iu·

1511 2802 1596 2870 stus,
1619 2803 1652 2855 et
1674 2803 1899 2877 quantumque
1915 2790 2031 2870 lucris,
2055 2791 2215 2859 confitere
2236 2804 2268 2856 te
2280 2805 2506 2942 peccatorum

1511 2898 1602 2956 csse,
1625 2896 1727 2960 spera
1747 2878 2026 2958 misericordiam,
2061 2881 2148 2944 etin
2171 2880 2258 2943 iusta
2305 2876 2395 2943 umili
2420 2899 2505 2945 oon·

1510 2962 1661 3029 sessione
1683 2965 1835 3029 securius
1857 2961 2032 3049 alloquere
2053 2965 2241 3030 turbantem
2264 2976 2308 3043 ta,
2331 2964 2503 3032 attumul-

1511 3061 1657 3117 tuantcm
1679 3052 1841 3115 adversus
1864 3062 1898 3115 te
1920 3052 2061 3115 animam
2083 3063 2186 3127 tuam,
2199 3049 2312 3123 Quare
2327 3052 2439 3138 tristis
2463 3072 2503 3118 es

1511 3136 1620 3201 anima
1641 3156 1727 3215 mea,
1748 3147 1781 3201 et
1802 3157 1908 3222 quare
1930 3138 2111 3201 conturbas
2121 3135 2196 3202 me‘l
2218 3136 2305 3202 sorte
2327 3137 2362 3201 in
2383 3151 2421 3202 te
2443 3160 2507 3205 vo·

1511 3220 1607 3287 lebas
1629 3222 1789 3307 sperare?
1833 3244 1933 3307 spera
1950 3224 1983 3286 in
2005 3220 2168 3301 Domino,
2200 3244 2266 3287 non
2290 3224 2323 3289 in
2347 3235 2396 3308 te,
2421 3226 2507 3311 quid

1511 3310 1597 3374 enim
1620 3329 1658 3372 es
1681 3310 1713 3372 in
1736 3320 1781 3388 te,
1800 3310 1878 3394 quid
1900 3329 1938 3374 es
1962 3311 2004 3373 de
2027 3311 2081 3376 tei
2104 3306 2164 3373 llle
2186 3310 2230 3374 sit
2251 3310 2379 3375 sanitas
2404 3312 2506 3391 inte,

1510 3396 1571 3545 qui
1589 3396 1722 3501 accepit
1743 3391 1883 3462 vulnera
1904 3406 2041 3480 propter
2062 3406 2107 3475 te,
2130 3406 2164 3461 et
2185 3396 2307 3481 inquit:
2333 3395 2447 3483 Spera
2470 3399 2528 3482 in¹

1546 3502 1697 3549 ommutn.

1597 3633 2507 3741 mmmmmmmmmmm

1511 3740 1576 3805 bus
1597 3758 1665 3802 non
1686 3740 1831 3804 inveniet
1851 3752 2038 3825 peccatum,
2067 3739 2153 3804 Nam
2174 3740 2208 3804 in
2230 3739 2385 3804 omnibus
2411 3742 2507 3808 iuve-

1510 3823 1568 3889 nit.
1614 3823 1739 3891 Omnes
1762 3828 1848 3890 enim
1869 3837 2103 3911 peccaverunt,
2126 3836 2159 3889 et
2180 3837 2280 3926 egent
2297 3823 2411 3911 gloria
2421 3826 2504 3894 Dei.

1510 3910 1548 3976 Si
1581 3930 1664 4001 ergo
1697 3913 1731 3976 in
1753 3912 1907 3977 omnibus
1935 3924 2074 3998 peccata
2095 3914 2316 3991 inveniuntur,
2338 3925 2505 3994 renunet,

1508 4009 1633 4063 utnon
1656 3998 1723 4063 sint
1745 3999 1844 4077 beati,
1866 3999 1930 4062 nisi
1953 4020 2093 4084 quorum
2115 3999 2257 4062 remissa
2279 4009 2357 4062 sunt
2375 4019 2505 4084 pecca·

1509 4094 1554 4148 ta.
1599 4083 1673 4150 Huc
1695 4104 1776 4170 ergo
1799 4083 1986 4169 Apostolus
2005 4084 2056 4149 sic
2079 4083 2339 4149 commendavltt
2380 4083 2505 4154 Credi·

1508 4171 1557 4234 dit
1577 4166 1747 4234 Abrabam
1766 4168 1854 4249 Deo,
1876 4182 1908 4234 et
1930 4182 2115 4255 reputatum
2138 4180 2190 4234 est
2212 4171 2242 4234 ei
2264 4170 2307 4233 ad
2329 4172 2503 4239 iustitiam.

1509 4254 1572 4319 llic
1593 4268 1687 4322 recte
1708 4258 1940 4321 accommodat
1962 4259 2086 4321 dictum
2108 4255 2241 4334 deiide,
2255 4267 2446 4322 attestatur
2462 4277 2504 4325 sa

1508 4339 1610 4406 iidem
1641 4340 1849 4429 intelligere,
1883 4363 1950 4409 non
1984 4354 2110 4408 tantum
2142 4341 2302 4407 historiae
2333 4345 2504 4425 notitiam,

1510 4429 1572 4493 sed
1593 4425 1758 4508 fiduciam,
1781 4450 1846 4514 qua
1867 4428 2063 4494 confidimus
2091 4429 2190 4493 nobis
2213 4429 2333 4494 remitti
2355 4441 2504 4514 peccata

1508 4524 1647 4600 propter
1668 4513 1847 4580 Christum.
1901 4515 1973 4581 Neo
2006 4536 2087 4581 vero
2110 4517 2284 4601 quisquam
2305 4527 2423 4601 potest
2444 4537 2503 4583 as·

1509 4601 1604 4686 sequi
1624 4598 1721 4666 Pauli
1753 4603 1964 4682 sententiam,
1996 4602 2061 4690 nisi
2094 4603 2145 4667 sie
2177 4598 2342 4689 intelligat
2373 4622 2502 4669 nomeu

1509 4687 1598 4752 lidei.
1643 4686 1720 4753 Hoc
1748 4709 1830 4756 vere
1853 4700 1916 4768 est,
1949 4700 1985 4753 ut
2008 4689 2139 4767 dicitur,
2160 4687 2194 4751 in
2217 4684 2346 4753 foribus
2369 4708 2501 4767 errare,

1509 4771 1609 4838 fidem
1630 4783 1758 4839 tantum
1779 4772 1965 4861 intelligere
1982 4773 2313 4854 notitiamhiston'ae,
2335 4795 2405 4840 non
2417 4773 2501 4841 lidu-

1509 4861 1594 4924 ciam
1637 4861 1825 4943 promissae
1868 4862 2116 4927 misericordiae
2147 4872 2283 4946 propter
2316 4859 2499 4927 Christum.

1508 4944 1582 5010 Nec
1613 4947 1730 5012 mirum
1763 4956 1833 5025 est,
1866 4945 2054 5013 Monachus
2075 4958 2148 5012 tota
2168 4947 2238 5012 vita
2259 4948 2443 5012 deerrasse
2463 4948 2499 5013 in

1509 5032 1697 5097 cumrondo
1719 5030 1837 5113 Paulo,
1888 5034 1944 5099 uia
1976 5035 2009 5098 in
2036 5033 2105 5098 hoc
2135 5034 2210 5118 ipso
2244 5029 2322 5099 loco
2356 5045 2413 5100 tur
2437 5035 2500 5099 iter

1508 5114 1705 5184 hallucinati
1736 5130 1824 5186 sunt.
1899 5131 1912 5184 t
1943 5131 2032 5185 nunc
2054 5120 2255 5188 adversariis
2276 5119 2365 5187 haec
2384 5057 2498 5208 ralhgo

1508 5205 1688 5356 praecipue
1720 5205 1953 5291 impedimento
1991 5220 2062 5286 est,
2103 5228 2169 5293 quo
2196 5208 2306 5272 minus
2334 5209 2501 5293 recipiant

1533 5292 1697 5358 coti-inam
1726 5294 1769 5357 de
1790 5293 1875 5373 fide,
1898 5294 1976 5379 quia
1998 5314 2119 5359 nomen
2140 5292 2219 5359 fidei
2242 5315 2310 5359 uon
2332 5306 2431 5360 recte
2451 5294 2499 5359 tn·

1509 5374 1578 5478 telll
1648 5388 1671 5443 t
1704 5376 1774 5445 Cur
1794 5400 1862 5444 non
1885 5380 2075 5464 expendunt
2097 5376 2176 5445 talla
2196 5378 2380 5468 Augustini
2398 5381 2500 5460 diota,

1509 5483 1610 5618 quae
1641 5464 1708 5530 boc
1740 5476 1805 5546 cst,
1837 5485 1904 5552 quo
1936 5467 2036 5533 modo
2068 5466 2228 5533 recitavi?
2270 5465 2335 5532 llio
2355 5477 2500 5534 testatur

1538 5547 1652 5618 aulmn
1682 5549 1751 5620 boo
1781 5550 1882 5633 velle,
1914 5549 2087 5620 Abrabam
2118 5554 2328 5640 pronuntiari
2360 5554 2502 5636 matun,
