5892 6709
370 622 525 728 *rsa

526 810 625 901 DIC
656 812 946 911 SEPTIMUM
975 811 1365 899 PRAEOEPTUM.

730 985 827 1069 Non
856 983 1009 1068 furtum
1039 982 1172 1067 sacias.

770 1154 881 1259 Quid
910 1153 1129 1267 praecipit?

545 1490 644 1557 Vitae
665 1511 751 1577 opus
774 1501 947 1555 estrerum
958 1510 1036 1568 neu,
1056 1489 1286 1575 possessione,
1309 1500 1344 1553 et
1360 1507 1440 1553 con·

460 1579 636 1646 tractibus.
680 1578 758 1643 ldeo
779 1577 844 1640 iam
866 1578 965 1642 docet
986 1577 1085 1640 etiam
1106 1576 1139 1639 in
1164 1572 1217 1639 bis
1239 1575 1342 1639 rebus
1364 1570 1439 1638 Deo

460 1665 600 1740 servire,
623 1675 656 1728 et
677 1663 829 1748 primurn,
851 1663 929 1746 quia
943 1671 1036 1728 vetat
1045 1658 1145 1739 furta,
1166 1661 1326 1745 sequitur,
1349 1659 1440 1744 quod

459 1745 562 1815 liceat
582 1770 679 1814 suum
701 1748 821 1831 cuique
843 1760 967 1812 tencre.
1001 1745 1114 1819 Qtare
1136 1747 1437 1809 rernmdistiuctio·

460 1854 537 1900 nem
566 1844 600 1899 et
628 1834 771 1900 dominia
799 1835 975 1916 approbat.
1019 1830 1147 1916 Estque
1175 1831 1327 1895 doctrina
1347 1828 1439 1894 utilis

461 1921 695 1990 conscientiae,
718 1915 916 2003 intelligere,
938 1918 1027 2003 quod
1039 1915 1115 1980 Deo
1133 1912 1264 2000 placeat
1280 1914 1366 1980 hacc
1383 1936 1439 1979 ex·

460 2018 558 2071 terna
591 2016 624 2069 et
656 2002 793 2089 politica
825 2004 991 2067 ordinatio
1029 2003 1246 2066 distinctionis
1280 2002 1439 2066 dominio·

460 2111 544 2157 rum.
588 2087 736 2156 Econtra
756 2089 910 2171 prohibet
927 2090 1036 2153 omnia
1058 2089 1148 2165 vitia,
1172 2089 1352 2173 pugnantia
1365 2108 1439 2151 cum

1082 617 1196 686 Pillb.
1218 618 1323 687 tulit.
1345 617 1535 690 semera
1559 617 1841 689 noemma

1491 819 1555 885 est,
1576 803 1747 893 diligentia
1767 808 1906 892 parandi
1928 804 2120 889 acuam,
2140 819 2176 874 et
2195 806 2366 898 logitimus
2385 829 2472 878 utu

1490 913 1614 981 aarum,
1636 904 1714 959 sant
1737 889 1847 957 cultus
1868 891 1946 959 Dei.
2020 924 2024 952 t

1519 1220 1686 1304 Licetne
1718 1216 1954 1304 Christianis
1984 1231 2125 1305 benere
2155 1224 2368 1335 proprium
2394 1238 2441 1309 et

1769 1383 1775 1394 '
1829 1401 1917 1456 esse
1949 1373 2126 1462 divites?

1576 1569 1670 1636 Licet
1691 1582 1804 1636 tenere
1824 1573 2007 1657 proprium,
2029 1584 2063 1638 et
2082 1573 2208 1639 babere
2231 1572 2383 1656 mutu,
2405 1575 2473 1646 stc·

1491 1666 1528 1721 ut
1559 1654 1683 1722 multae
1716 1659 1902 1722 sententiae
1924 1669 2100 1726 testantur.
2145 1657 2270 1726 Paulus
2293 1661 2338 1726 ad
2359 1659 2484 1730 Raro·

1492 1739 1603 1806 tbeum
1636 1744 1698 1807 ait:
1731 1740 1891 1827 Praecipe
1923 1744 2104 1824 divitibus,
2124 1765 2168 1811 ue
2189 1748 2385 1831 superbiant
2405 1760 2471 1814 etc.

1490 1827 1564 1892 Non
1587 1828 1688 1913 igitur
1708 1824 1863 1912 prohibet
1886 1849 1964 1893 esse
1986 1830 2117 1895 divites.
2160 1829 2203 1896 Et
2219 1833 2252 1895 in
2300 1851 2403 1898 encre
2423 1846 2472 1899 te·

1491 1914 1600 1977 nenda
1612 1925 1665 1978 est
1675 1910 1804 1999 regula,
1839 1915 1904 1979 uad
1913 1906 2132 2001 Evangelinm
2142 1937 2208 1981 non
2221 1919 2287 1982 abo
2300 1915 2472 2002 eatpolitl·

1491 2018 1550 2062 cas
1562 1999 1797 2063 ordinationes.
1809 1935 1955 2065 liertiae
1966 2014 2074 2066 cutem
2086 2016 2118 2066 et
2131 2004 2298 2068 distinctio
2307 2005 2470 2070 dominio·

1490 2105 1562 2148 mm
1573 2085 1614 2147 ad
1628 2082 1780 2167 politicas
1792 2086 2025 2152 ordinationes.
2047 2089 2125 2153 ltem
2137 2085 2355 2174 Evangelium
2367 2102 2472 2156 vocat

459 2175 526 2242 bac
549 2177 769 2253 ordinatione,
790 2171 890 2251 furta,
913 2175 1059 2258 rapinas,
1080 2174 1220 2236 iniustos
1234 2184 1438 2250 contractus,
1488 2170 1532 2233 ad
1545 2168 1712 2234 Christum
1720 2169 1832 2255 Reges
1845 2185 1877 2234 et
1885 2170 2070 2257 Principes,
2082 2185 2253 2238 manentes
2264 2175 2297 2238 in
2309 2175 2469 2259 imperiis.

461 2275 495 2327 et
528 2281 744 2346 quascunque
778 2258 998 2344 expilationes
1030 2262 1177 2344 privatns
1210 2270 1244 2323 et
1274 2256 1439 2344 publicas,

460 2346 704 2412 mendicitatem
725 2366 792 2409 non
814 2345 1051 2423 necessariam,
1068 2343 1305 2430 negligentiam
1328 2345 1359 2407 in
1383 2364 1439 2407 cu·

460 2433 574 2497 randis
597 2428 812 2498 facultatibus
829 2430 928 2494 uobis
947 2431 1151 2504 commissis,
1174 2426 1439 2577 prodigalitatem

461 2529 494 2582 et
515 2515 727 2602 profusiones
749 2529 783 2581 et
804 2528 956 2598 sumptus
967 2515 1112 2594 inutiles,
1129 2529 1284 2598 correpte
1297 2535 1347 2591 as,
1370 2515 1439 2598 qui·

461 2603 527 2668 bus
550 2615 702 2668 emuntur
723 2604 907 2686 patrocinia
928 2603 962 2665 iu
985 2600 1079 2666 malis
1113 2603 1238 2678 causis,
1268 2601 1440 2664 mercedes

462 2689 614 2765 iniustas,
636 2690 837 2769 imposturas
866 2688 900 2749 in
923 2688 1090 2750 mercibus
1113 2699 1177 2750 etc.
1221 2686 1292 2750 Nec
1315 2697 1440 2748 tautum

462 2775 628 2837 exteriora
647 2769 737 2837 facta
754 2773 982 2856 probibentur,
1016 2774 1075 2835 sed
1098 2772 1196 2850 etiam
1214 2772 1371 2835 interiora
1393 2771 1440 2834 vi·

461 2859 519 2936 tia,
542 2859 693 2935 avaritia,
717 2869 748 2921 et
771 2860 878 2921 omnis
900 2858 1062 2940 cupiditas
1084 2859 1195 2920 iniusti
1212 2853 1295 2921 lucri
1308 2868 1340 2920 et
1351 2859 1439 2918 πλεο-

461 2943 661 3024 vsaerqpc'rov,
686 2945 846 3006 tenacitas
869 2944 901 3006 iu
915 2944 1034 3007 daurlis
1045 2944 1246 3006 necessariis
1258 2942 1441 3027 eleemosy-

461 3030 525 3108 nis,
559 3031 592 3091 in
614 3029 757 3092 iuvanda
779 3027 934 3094 Ecclesia
955 3042 989 3093 ct
1010 3026 1194 3110 Republica
1215 3041 1385 3110 postremo
1408 3037 1441 3091 et

461 3112 622 3179 naturalis
645 3115 917 3196 concupiscentia
938 3134 1128 3198 repugnans
1150 3113 1228 3177 huic
1249 3123 1440 3197 praecepto.

460 3198 587 3264 Haeret
609 3200 694 3262 enim
716 3199 749 3261 in
772 3201 890 3262 animis
913 3199 1080 3262 homiuum
1092 3194 1285 3275 diffidentia,
1310 3196 1441 3282 qualit,

461 3296 497 3348 ut
530 3306 596 3348 non
631 3297 806 3366 expectent
827 3285 978 3348 homines
1000 3286 1120 3349 victum
1145 3296 1177 3345 et
1199 3295 1330 3347 caetera
1353 3304 1441 3346 corn-

461 3370 562 3433 moda
583 3370 670 3433 vitae
693 3390 713 3432 a
734 3367 820 3433 Deo.
850 3370 930 3433 lnde
954 3371 1058 3433 oritur
1080 3366 1269 3434 sollicitudo
1288 3369 1329 3431 tle
1352 3369 1442 3432 victu

462 3465 496 3518 et
518 3455 671 3530 fortunis,
694 3475 780 3538 quae
802 3453 940 3536 impellit
961 3456 1124 3532 homines,
1146 3465 1350 3538 utappetaut
1363 3451 1441 3517 alie·

461 3559 517 3615 na,
541 3550 577 3601 ut
598 3540 792 3602 insidientur
813 3538 921 3603 alieno
944 3561 1076 3625 quoquo
1099 3542 1197 3604 modo
1220 3552 1352 3623 queant.
1382 3544 1442 3603 lta·

462 3643 528 3708 que
549 3636 690 3688 accusat
711 3636 744 3688 et
766 3624 831 3687 boc
853 3639 1067 3709 praeceptum
1088 3645 1205 3688 omues
1221 3625 1386 3702 lronrincs,
1408 3635 1441 3688 et

463 3710 604 3793 erumpit
627 3712 899 3794 concupiscentia
922 3714 1021 3789 adeo,
1043 3723 1080 3775 ut
1101 3712 1242 3774 mundus
1265 3708 1384 3793 plenus
1398 3710 1441 3773 sit

462 3791 640 3871 furtorum,
673 3797 792 3875 idest,
826 3798 1021 3861 iniustorum
1044 3797 1271 3880 aucupicrum,
1304 3798 1440 3860 iniusto·

461 3901 535 3948 rum
557 3892 798 3960 contractuum,
822 3883 1012 3967 rapacitatis
1031 3895 1064 3946 et
1085 3881 1239 3948 similium
1254 3881 1418 3947 vitiorum.

589 4209 808 4314 Quomodo
839 4211 887 4292 fit
916 4205 995 4294 hoc
1025 4210 1314 4326 praeceptum?

550 4473 635 4540 Cum
658 4479 873 4565 agnoscimus
895 4490 1041 4542 nostram
1059 4476 1291 4556 infirmitatem,
1324 4489 1357 4542 et
1374 4476 1440 4543 lide

1490 2253 1585 2319 Licet
1604 2257 1703 2342 igitur
1721 2276 1797 2320 esse
1819 2257 1949 2322 divites.
1993 2259 2057 2323 Sed
2081 2257 2198 2342 regula
2210 2257 2402 2324 Salomonis
2424 2272 2471 2326 te·

1490 2342 1599 2404 nenda
1621 2353 1685 2419 est,
1707 2343 1763 2427 qni
1784 2344 1843 2408 stc
1878 2342 2002 2407 Fontes
2030 2345 2075 2408 tui
2098 2345 2289 2409 deriventur
2310 2344 2417 2423 foras,
2438 2358 2472 2412 et

1490 2440 1525 2491 tu
1548 2427 1701 2490 dominus
1724 2448 1838 2492 eorum
1859 2439 1944 2492 esto.
1989 2427 2061 2492 Hac
2078 2427 2186 2515 ligura
2212 2431 2316 2516 pingit
2338 2443 2373 2495 et
2394 2452 2471 2516 pro-

1490 2512 1661 2594 prietatem
1694 2533 1805 2577 rerum
1837 2525 1871 2578 et
1904 2511 2146 2600 eleemosynas.
2202 2512 2247 2579 Ut
2280 2518 2368 2580 enim
2396 2514 2471 2582 aliis

1491 2599 1715 2675 concedimus,
1738 2610 1774 2662 ut
1796 2619 1837 2662 ex
1859 2595 1952 2664 fonte
1974 2613 2092 2665 nostro
2108 2599 2262 2665 hauriant
2271 2605 2392 2686 aquas,
2414 2615 2471 2668 aut

1492 2684 1660 2748 deducant
1682 2681 1820 2762 rivulos,
1855 2687 1901 2749 ita
1919 2698 2040 2764 tamen,
2062 2697 2098 2750 ut
2121 2707 2183 2751 nos
2205 2683 2309 2750 fontis
2332 2688 2471 2753 domini·

1490 2790 1546 2833 um
1575 2772 1785 2847 retineamus,
1818 2770 1868 2833 sic
1902 2792 1943 2834 ex
1976 2769 2139 2836 fructibus
2161 2773 2267 2836 nostri
2288 2774 2473 2857 patrimonii

1493 2857 1727 2941 congerendas
1759 2867 1841 2919 sunt
1860 2852 2113 2941 eleemosynae,
2145 2859 2191 2922 ita
2208 2869 2318 2922 tamen
2340 2871 2378 2924 ut
2399 2856 2472 2924 lun·

1492 2942 1554 3004 dus
1577 2942 1673 3006 nobis
1696 2943 1739 3005 sit
1762 2939 1898 3019 salvuS,
1930 2962 1990 3007 seu
2013 2955 2049 3006 ut
2066 2944 2109 3006 sit
2130 2939 2295 3007 incolume
2317 2946 2472 3028 patrimo-

1492 3028 1591 3103 nium.
1636 3026 1721 3090 Nam
1738 3040 1770 3090 et
1782 3025 1996 3112 Reipublicae
2011 3049 2115 3094 causa
2132 3048 2218 3112 opus
2235 3042 2381 3095 estesse
2392 3028 2471 3094 mul·

1492 3123 1547 3175 tos
1578 3113 1705 3176 divites.
1750 3112 1853 3197 lgrtur
1881 3125 2022 3197 utraque
2055 3116 2160 3178 virtus
2193 3117 2388 3180 necessaria
2411 3127 2471 3196 est,

1494 3198 1697 3278 parsimonia
1729 3199 1761 3260 in
1785 3195 2028 3264 conservandis
2050 3201 2254 3282 patrimoniis
2278 3215 2312 3266 et
2329 3198 2472 3266 liberali·

1492 3294 1546 3347 tas
1567 3285 1601 3347 in
1621 3280 1801 3369 largiendis
1824 3282 2057 3371 eleemosynis
2078 3287 2140 3349 sed
2161 3288 2374 3352 necessariis.

1553 3609 1669 3714 Quae
1700 3625 1794 3696 sunt
1824 3615 2106 3726 eleemosynae
2136 3616 2412 3701 necessariae?

1577 3879 1655 3944 'l'ria
1688 3899 1813 3965 genera
1844 3895 1922 3945 sunt
1953 3883 2131 3965 praecipue
2152 3884 2356 3948 necessaria.
2401 3884 2472 3950 ra.

1491 3988 1599 4044 mum,
1633 3967 1787 4031 conferre
1815 3964 1938 4052 aliquid
1968 3969 2011 4031 ad
2044 3971 2214 4033 ministerii
2242 3967 2472 4034 Ecclesiastici

1492 4055 1790 4117 conservationem.
1825 4053 1899 4117 lloc
1923 4051 2068 4117 cilicium
2091 4075 2193 4137 saepe
2216 4057 2417 4140 praecipitur
2439 4056 2471 4119 in

1492 4139 1677 4284 scripturis.
1722 4137 1876 4202 Christus
1905 4141 1962 4202 ait:
2008 4138 2139 4222 Dignus
2163 4153 2216 4204 est
2240 4142 2395 4205 mercede
2428 4142 2470 4218 ts,

1491 4225 1547 4307 qui
1583 4224 1709 4288 aborat.
1753 4223 1795 4286 Et
1814 4224 1937 4288 Paulus
1960 4225 2003 4287 ad
2027 4222 2237 4303 CorinthioS,
2272 4228 2327 4290 Sic
2349 4237 2381 4291 et
2403 4225 2471 4291 Do·

1492 4311 1598 4372 minus
1622 4312 1802 4386 ordinavit,
1836 4322 1872 4373 ut
1890 4311 1927 4388 ii,
1951 4310 2006 4394 qui
2029 4314 2223 4375 annuntiant
2245 4309 2471 4396 Evangelium,

1492 4395 1604 4459 vivant
1626 4416 1667 4459 ert
1696 4393 1892 4479 Evangelio.
1937 4394 1979 4458 Et
2001 4396 2093 4460 addit
2113 4418 2256 4482 magnas
2278 4399 2471 4481 promissio-

1492 4500 1554 4544 nes
1576 4478 1729 4545 Clrristus
1751 4484 1784 4545 in
1808 4478 2006 4566 Evangelior
2047 4482 2111 4554 Qui
2134 4484 2262 4547 dederit
2283 4484 2417 4548 min'mo
2438 4485 2472 4547 in

463 4561 628 4626 credimus
662 4566 761 4628 nobis
794 4575 932 4647 propter
955 4562 1121 4628 Christum
1148 4565 1267 4627 remitti
1289 4580 1440 4646 peccata,
1492 4567 1623 4631 nomine
1646 4565 1810 4651 discipuli,
1843 4588 1910 4630 non
1957 4566 2050 4630 erdet
2067 4571 2255 4633 mercedem
2278 4589 2385 4634 suam.
2430 4567 2473 4634 Et

461 4646 499 4712 fit
521 4644 587 4710 boc
609 4663 834 4733 praeceptum,
849 4672 922 4714 cum
942 4649 1116 4714 inchoatur
1134 4651 1330 4728 obedientia,
1353 4651 1440 4713 ride·
1493 4662 1606 4715 extant
1638 4654 1763 4735 passim
1793 4654 1825 4715 in
1848 4590 2024 4735 Propiretis
2047 4655 2289 4734 promissiones
2311 4652 2473 4739 amplissi-

461 4730 553 4810 licct,
575 4753 649 4797 cum
672 4739 812 4819 petimus
834 4747 868 4800 et
890 4736 1139 4817 expectavimus
1162 4757 1204 4800 ex
1221 4735 1296 4799 Deo
1318 4736 1441 4800 victum
1492 4758 1577 4815 mae,
1599 4737 1808 4824 uttllaggaei
1831 4740 1947 4820 primo,
1977 4749 2010 4802 et
2032 4737 2217 4803 Malachiae
2239 4740 2356 4823 primo.
2400 4741 2471 4806 Sci·

461 4827 495 4882 et
516 4814 684 4899 fortunas,
719 4833 752 4885 ct
780 4819 878 4886 simul
902 4823 992 4886 iuxta
1013 4823 1202 4888 mandatum
1225 4820 1288 4886 Dei
1311 4818 1442 4886 labora·
1494 4836 1552 4888 ant
1580 4842 1662 4907 ergo
1693 4825 1737 4906 pii
1760 4822 1826 4886 boc
1847 4844 1955 4905 genus
1979 4821 2265 4909 elcemosynarum
2288 4827 2335 4889 ita
2355 4845 2471 4890 neces·

459 4923 549 4983 mus,
570 4915 604 4970 ct
625 4905 711 4970 iuste
733 4921 828 4990 parto
851 4908 982 4987 utimur,
1005 4920 1038 4972 et
1060 4920 1195 4993 propter
1216 4910 1365 4972 timorem
1377 4906 1441 4970 Dei
1492 4911 1614 4974 sarium
1638 4916 1727 4983 esse,
1750 4921 1785 4972 ut
1807 4910 1862 4993 qui
1885 4930 1951 4973 non
1974 4921 2146 4993 praestant
2167 4932 2229 4994 pro
2251 4912 2472 4976 suavocatio-

462 5010 619 5055 cavemus
653 4988 787 5056 illicitos
819 4994 939 5058 modos
972 4995 1152 5079 quaerendi
1176 5014 1242 5058 res.
1286 4997 1364 5059 ltenr
1385 4995 1441 5057 da·
1492 5015 1535 5057 ne
1557 5006 1590 5057 et
1612 4990 1838 5073 facultatibus,
1862 5006 1896 5058 et
1917 5015 1978 5078 pro
2000 5016 2062 5059 suo
2086 4994 2181 5075 loco,
2199 4997 2349 5081 graviter
2371 4995 2471 5062 offen·

460 5096 535 5139 mus
568 5076 610 5140 de
643 5089 761 5141 nostro
794 5081 1004 5143 necessarias
1038 5078 1270 5164 eleemosynas
1304 5092 1441 5163 propter
1492 5085 1573 5147 dunt
1590 5077 1709 5143 Deum.
1754 5082 1928 5165 Principes
1950 5092 1983 5145 et
1999 5081 2224 5166 Respublicae
2242 5082 2366 5146 debent
2388 5081 2473 5147 tueri

459 5162 649 5226 mandatum
662 5160 738 5241 Dei,
762 5163 912 5228 iuvemus
936 5178 1093 5249 quantum
1115 5167 1296 5249 ¹possumus
1319 5165 1360 5228 tle
1383 5186 1440 5228 uo·
1492 5167 1565 5249 pios
1598 5166 1781 5243 ministros,
1812 5177 1847 5230 et
1879 5188 1999 5231 curare
2032 5170 2081 5232 eis
2104 5168 2238 5232 victum.
2282 5166 2420 5234 Debent
2440 5177 2473 5232 et

459 5259 532 5310 stro
565 5245 771 5326 Ecclesiam,
805 5246 956 5314 videlicet
989 5253 1156 5315 ministros
1189 5248 1379 5336 Evangelii,
1408 5264 1441 5315 et
1492 5252 1603 5316 studia
1626 5254 1771 5316 excitare
1793 5273 1856 5318 suo
1878 5265 2020 5337 sumptu.
2066 5253 2124 5318 Sic
2153 5265 2186 5317 et
2207 5255 2325 5339 privati
2348 5257 2472 5320 debent

459 5334 582 5397 studia.
626 5338 717 5412 ltenr,
752 5332 1014 5420 Rernpublicam.
1061 5337 1120 5400 llic
1142 5358 1263 5421 magna
1285 5333 1440 5401 consola·
1491 5334 1673 5401 liberaliter
1706 5336 1859 5402 conierre
1886 5339 1928 5401 ad
1950 5335 2091 5404 alendos
2113 5340 2283 5403 ministros
2305 5339 2472 5406 Ecclesia·

459 5418 507 5482 tio
529 5430 582 5483 est
604 5422 679 5505 plia,
701 5418 907 5506 intelligere,
938 5424 1027 5507 quod
1048 5419 1133 5486 haec
1156 5423 1342 5487 obedientia
1364 5423 1439 5487 Deo
1490 5425 1596 5488 sticos
1614 5425 1835 5489 etstudiosos
1860 5422 1993 5489 Debent
2011 5436 2044 5489 ct
2053 5422 2127 5489 aliis
2140 5422 2260 5490 officiis
2272 5446 2333 5491 eos
2345 5427 2470 5494 iuvare·

459 5499 611 5587 placeat,
640 5519 674 5572 et
695 5508 786 5593 quod
807 5507 893 5575 baec
915 5508 990 5593 ipsa
1011 5509 1227 5574 oeconomica
1244 5507 1374 5589 officia,
1406 5510 1441 5574 id
1576 5511 1763 5576 Secundum
1795 5530 1902 5596 genus
1924 5522 1994 5590 est,
2026 5508 2143 5599 largiri
2164 5513 2280 5600 egenis
2303 5513 2470 5599 cognatis,
