5892 6709
466 671 535 751 668
831 711 835 719 ·
1041 724 1044 731 «
1229 678 1301 745 vll.
1329 677 1393 746 Dii
1412 678 1724 751 ΡΟΕΝΙΤΕΝΤΙΑ.
2417 679 2486 749 666

467 882 614 950 catores,
630 843 701 936 non
808 878 861 933 tes
876 866 1125 953 poenitentiam,
1153 866 1215 933 sed
1237 867 1349 953 agenti
1369 887 1450 953 poe·
1501 870 1579 934 beat
1606 879 1753 946 vestem,
1786 879 1820 934 et
1850 868 2004 935 homines
2036 889 2104 935 non
2136 869 2349 954 praemoniti,
2381 864 2483 935 facila
2526 837 2529 842 ¹
2630 923 2633 930 .

466 958 637 1024 nitentium
658 976 735 1022 man
781 965 849 1019 tam
870 965 936 1033 est,
967 964 1005 1019 ut
1026 954 1154 1032 cudat,
1180 973 1220 1020 sc
1264 952 1450 1038 ronterii,
1501 955 1677 1038 capiuntur
1697 951 1754 1019 iiia
1776 977 1797 1019 o
1822 974 1913 1020 cmm
1936 953 2060 1041 specie.
2104 953 2185 1021 idco
2207 951 2294 1020 tales
2306 955 2482 1040 opiniones

466 1040 546 1108 lium
578 1040 645 1108 Dei
676 1042 781 1131 gratis
813 1038 918 1125 recipi
948 1051 984 1105 et
1004 1040 1124 1124 accipi,
1155 1058 1198 1104 ac
1218 1061 1241 1126 p
1259 1037 1355 1103 'cere
1376 1040 1448 1105 cius
1499 1041 1624 1104 maiore
1646 1042 1942 1106 commutandae
1964 1053 2053 1121 sunt,
2086 1051 2120 1105 et
2147 1037 2244 1106 simul
2267 1040 2372 1106 corda
2393 1041 2483 1106 exci-

466 1129 729 1194 invocationem:
764 1124 860 1190 Hanc
892 1124 969 1191 fidei
996 1121 1108 1191 iucem
1129 1144 1198 1189 non
1220 1126 1370 1189 sinamus
1392 1142 1449 1190 ex·
1499 1126 1700 1191 tandasunt
1722 1126 1903 1192 advenam
1923 1128 2188 1206 conversionem,
2212 1146 2298 1213 quae
2318 1128 2391 1191 sine
2410 1124 2482 1194 ullo

465 1215 572 1299 tingui
594 1209 691 1278 salsis
713 1211 925 1296 opinionibus
947 1211 989 1276 de
1011 1210 1242 1276 satisfactione
1265 1208 1448 1289 Canonioa,
1499 1211 1702 1278 dubitatione
1723 1213 1875 1297 impetrat
1896 1211 2053 1279 auxilium
2075 1211 2152 1292 Dei,
2176 1223 2210 1278 et
2243 1213 2482 1301 mitigationem

466 1300 556 1365 sicut
577 1316 681 1384 saepe
710 1297 746 1362 in
767 1294 922 1363 Ecclesia
941 1294 1042 1363 vaide
1062 1299 1246 1364 obscurato
1267 1305 1320 1362 est
1348 1297 1447 1361 etiam
1497 1300 1722 1381 praescntimn
1744 1296 1978 1379 calamitatum,
1999 1311 2036 1365 ut
2057 1300 2182 1365 dictum
2203 1309 2267 1365 est.

464 1386 607 1451 vetustis
639 1383 863 1468 temporibus,
895 1391 1026 1449 etcum
1052 1382 1254 1468 extinguitur
1280 1382 1366 1448 haec
1387 1378 1447 1446 lux
1559 1426 1561 1430 ,
1657 1430 1660 1436 .

464 1468 567 1549 fidoi·
586 1469 791 1553 recipiuntur
823 1468 995 1554 opiniones
1020 1465 1195 1546 Ethnicae,
1215 1480 1251 1533 et
1272 1465 1446 1546 Tusciam,
1582 1462 1626 1533 Et
1657 1489 1719 1552 pro
1750 1466 1816 1534 hac
1846 1465 1923 1534 luce
1944 1469 2116 1535 doctrinae
2136 1466 2226 1546 Deo,
2249 1468 2378 1556 gratias
2399 1487 2480 1557 aga·
2566 1526 2568 1529 a

463 1574 551 1642 quae
578 1554 709 1643 tingunt
734 1555 854 1621 remitti
875 1551 1008 1637 cuipam
1036 1564 1174 1638 propter
1194 1551 1445 1625 satisfactiones
1495 1572 1581 1632 mus,
1602 1564 1635 1617 et
1656 1556 1890 1641 gratitudinem
1913 1552 2123 1622 declaremus
2144 1558 2179 1620 in
2205 1552 2424 1624 confessione
2443 1567 2480 1625 et

462 1641 654 1719 humanas,
686 1641 773 1705 sicut
800 1660 891 1706 nunc
921 1650 988 1726 quo
1014 1659 1056 1704 ue
1076 1640 1199 1704 docent
1218 1637 1360 1716 Tuscae,
1392 1658 1444 1703 re·
1496 1640 1608 1707 studio
1625 1642 1879 1708 conservandae
1900 1639 1998 1708 huius
2019 1643 2185 1727 puritatis.
2260 1715 2266 1725 ,

462 1726 548 1793 mitti
578 1726 760 1815 periurium
791 1726 897 1807 diviti,
924 1725 957 1792 si
1012 1743 1107 1792 ecem
1127 1724 1330 1813 pauperibus
1350 1741 1444 1810 prae·
