5892 6709
418 729 422 744 ,Ι
481 636 547 704 527
1046 649 1053 666 ·
1111 635 1222 702 uhu.
1245 635 1351 703 Mau.
1374 636 1563 704 SCRIPTA
1584 635 1863 730 bochartus.
2336 651 2344 662 '
2429 636 2499 706 528

479 824 571 893 nolle
588 826 697 912 ipsum
719 825 829 892 Deum
851 828 948 892 nobis
966 847 1043 893 sese
1067 828 1242 892 donantem
1259 848 1460 914 agnoscere,
1513 827 1568 907 da,
1587 838 1624 891 ut
1646 827 1750 892 verbo
1770 824 1837 891 Dei
1858 827 2096 906 assentiantur,
2118 837 2309 914 agnoscant
2329 823 2442 892 Deum
2463 837 2499 892 et

478 931 544 978 nec
577 916 648 977 eius
681 912 845 979 beneficia
872 924 986 998 petere
1015 911 1115 995 velle,
1174 914 1350 978 Adversus
1373 912 1460 978 hanc
1512 917 1777 989 invocantem,
1800 913 2141 978 etaccenditmotus
2165 916 2284 992 bonos,
2313 913 2365 975 sic
2392 923 2429 978 ut
2452 915 2497 977 si-

479 997 1042 1081 ingratitudinemcontumeliosam
1064 1011 1182 1064 contra
1204 997 1325 1079 Deum,
1348 1000 1461 1064 hisdi-
1512 999 1581 1064 mal
1609 1010 1738 1065 mentes
1767 1000 1956 1065 intueantur
1988 998 2109 1078 Deum,
2141 1010 2178 1063 ut
2196 1000 2348 1063 'castitas
2372 997 2499 1085 loseph
2513 1045 2524 1060 -.

479 1088 544 1152 ctis
566 1107 629 1150 nos
652 1087 854 1151 muniamus:
888 1086 968 1150 Sine
990 1105 1042 1150 me
1069 1084 1150 1151 nihil
1171 1087 1314 1169 potestis
1336 1083 1460 1151 facere.
1513 1085 1621 1152 diffe‘rt
1642 1107 1663 1150 a
1693 1085 1848 1151 castitate
1881 1084 2060 1169 Scipionis,
2095 1086 2173 1172 quia
2204 1087 2239 1149 in
2271 1084 2394 1170 loseph
2425 1105 2499 1150 nou

478 1176 570 1249 Item,
592 1172 656 1244 Qui
674 1191 741 1236 non
764 1172 864 1236 habet
887 1171 1043 1257 Spiritum
1066 1170 1202 1250 Christi,
1225 1182 1357 1236 nonest
1376 1173 1458 1235 eius.
1513 1169 1621 1238 solum
1652 1168 1824 1256 praelucet
1845 1170 1945 1237 Fides
1978 1192 2125 1240 accensa
2147 1172 2252 1236 verbo
2275 1170 2340 1235 Dei
2358 1191 2420 1255 per
2442 1171 2498 1235 Fi·

478 1257 522 1322 Et
553 1259 642 1321 vetis
675 1259 851 1342 gemitibus
884 1270 1037 1342 petamus
1060 1257 1222 1323 beneficia
1245 1257 1318 1322 Filii
1342 1257 1404 1322 Dei
1428 1270 1461 1321 et
1512 1256 1603 1337 lium,
1637 1258 1697 1322 sed
1730 1259 1828 1322 etiam
1860 1259 1893 1323 in
1911 1259 2002 1342 'ipsa
2034 1259 2189 1324 castitate
2220 1275 2316 1321 mens
2348 1259 2499 1324 intuetur

478 1343 623 1427 Spiritus
660 1345 787 1421 sancti,
825 1353 862 1407 ut
893 1346 975 1428 petit
1002 1343 1187 1428 Propheta:
1209 1342 1278 1408 Cor
1306 1345 1460 1409 mundum
1511 1341 1633 1422 Deum,
1665 1345 1766 1408 sentit
1798 1364 1836 1408 se
1864 1345 1906 1409 ab
1935 1365 1976 1409 eo
2012 1345 2082 1429 regi
2116 1355 2150 1408 et
2171 1342 2373 1422 confirmari,
2408 1351 2445 1407 et
2465 1343 2498 1408 ei

479 1450 558 1496 crea
591 1431 623 1493 in
653 1450 705 1494 me
738 1428 843 1510 Deus,
877 1429 997 1509 idest,
1025 1430 1106 1496 lide
1127 1428 1348 1516 purificatum,
1370 1441 1461 1495 recte
1512 1433 1737 1515 obtemperat,
1780 1441 1811 1494 et
1855 1431 1966 1517 dirigit
2004 1430 2225 1496 obedientiam
2263 1430 2308 1495 ad
2351 1426 2499 1517 glor-lm

479 1516 630 1579 sentiens
642 1516 684 1580 de
699 1516 783 1595 Deo,
807 1529 840 1579 et
851 1514 1008 1602 Spiritum
1031 1527 1170 1596 rectum,
1192 1515 1225 1580 id
1244 1529 1309 1595 est,
1331 1515 1460 1581 firmum
1511 1518 1584 1582 veri
1602 1516 1677 1581 Dei.
1987 1549 1992 1556 ·
2456 1548 2463 1561 ·

477 1602 601 1666 innova
622 1602 656 1664 in
679 1603 866 1669 visceribus
888 1603 983 1681 maie,
1007 1601 1256 1667 continuantem
1279 1615 1460 1666 mecotttra
2481 1635 2486 1644 ·

477 1687 700 1752 dubitationes
724 1708 806 1752 vera
828 1686 914 1764 luce,
938 1686 1157 1771 depellentem
1168 1690 1335 1766 tenebras,
1357 1700 1391 1753 et
1404 1708 1459 1752 ac-
1596 1684 1748 1751 Recitavi
1771 1685 1955 1751 doctrinam
1977 1686 2132 1751 traditam
2154 1686 2188 1750 in
2211 1682 2382 1773 Symbolis
2402 1684 2499 1771 Apo·

457 1771 675 1838 ¹cendantem
709 1795 823 1838 veram
846 1775 1114 1839 invocationem:
1148 1785 1182 1838 et
1204 1774 1360 1858 Spiritum
1383 1794 1459 1837 san·
1511 1769 1633 1836 stolico
1666 1784 1700 1837 et
1731 1767 1875 1847 Moeno,
1908 1785 1942 1837 et
1973 1765 2007 1836 in
2042 1769 2204 1859 Symbola
2239 1769 2430 1851 Athanasii,
2462 1782 2500 1837 et

478 1870 567 1924 etum
591 1872 682 1924 tuum
704 1880 747 1924 ne
770 1855 904 1937 auferas
926 1879 945 1925 a
968 1880 1032 1938 me,
1054 1862 1088 1925 id
1110 1871 1174 1938 est,
1196 1858 1459 1932 sanctificantem
1510 1859 1595 1924 haec
1616 1860 1670 1943 pie
1691 1877 1744 1922 me
1766 1856 1920 1942 amplecti
1942 1856 2086 1924 alliano.
2130 1858 2262 1923 Damno
2285 1867 2396 1922 autem
2414 1877 2497 1923 cott-

476 1965 541 2023 me,
564 1945 695 2009 dantem
714 1958 823 2011 motus
846 1958 1070 2031 congruentes
1093 1967 1168 2010 cum
1190 1946 1343 2010 omnibus
1363 1965 1459 2030 prae·
1511 1946 1633 2010 trarios
1656 1964 1789 2009 errores
1813 1964 1941 2023 omnes,
1963 1946 2017 2030 qui
2040 1946 2204 2026 cumsint
2223 1942 2327 2023 multi,
2350 1963 2504 2010 necesse

478 2032 584 2116 ceptis
616 2028 692 2095 Dei.
755 2030 869 2097 Redde
902 2033 979 2095 mihi
1012 2030 1171 2096 laetitiam
1203 2028 1396 2108 salutarem,
1424 2032 1459 2096 id
1512 2041 1564 2095 est
1586 2051 1646 2095 eos
1669 2031 1893 2108 considerare,
1922 2043 1959 2093 ut
1980 2032 2176 2115 praemuniti
2198 2028 2309 2095 Deum
2323 2049 2414 2095 'vera
2446 2031 2497 2096 iu·

477 2127 546 2194 est,
578 2114 702 2182 liberes
734 2139 788 2183 me
810 2138 853 2183 ex
872 2113 1043 2183 doloribus
1064 2119 1181 2182 mortis
1204 2127 1238 2181 et
1265 2116 1458 2195 inferorum,
1510 2137 1670 2183 vocemus
1692 2129 1726 2181 et
1748 2114 1969 2195 celebremus
2003 2129 2036 2182 et
2068 2121 2217 2182 nostram
2249 2116 2498 2182 invocationem

476 2199 622 2267 laetifica
644 2223 846 2283 cormeum,
868 2205 958 2268 utin
981 2216 1015 2267 te
1032 2204 1240 2289 acquiescat:
1272 2202 1316 2267 Et
1336 2203 1458 2288 Spiritu
1511 2219 1673 2286 expresse
1696 2205 1738 2269 ab
1760 2202 1911 2266 Ethnieis
1934 2215 1967 2266 et
1989 2206 2032 2267 ab
2055 2201 2242 2267 Haereticis
2265 2204 2497 2288 seiungamus,

475 2305 663 2373 spontaneo
686 2288 846 2354 confirma
867 2310 932 2367 me,
950 2290 982 2354 id
1004 2302 1067 2368 est,
1089 2291 1123 2354 in
1147 2308 1247 2354 cruce
1270 2290 1456 2353 obediente.
1510 2291 1589 2375 quia
1609 2287 1715 2354 omnis
1740 2289 1935 2366 invocatio,
1969 2309 2056 2374 qnae
2078 2310 2099 2353 a
2127 2309 2209 2355 vero
2237 2285 2315 2352 Deo
2348 2289 2498 2368 aberrat,

475 2378 508 2439 ln
532 2374 591 2439 tali
623 2376 835 2440 invocatione
858 2376 1111 2440 considerentur
1133 2376 1320 2439 discrimina
1342 2396 1457 2460 perso·
1510 2387 1562 2439 est
1593 2378 1702 2440 cultus
1732 2364 1833 2453 ldoli,
1869 2376 1963 2442 iuxta
1996 2377 2136 2440 dictum:
2169 2372 2348 2440 Dominum
2381 2372 2496 2440 Deum

471 2477 603 2539 uarum,
626 2462 789 2526 beneficia
812 2459 884 2527 Filii
907 2463 1053 2546 propria,
1076 2473 1110 2526 et
1127 2458 1184 2526 illa
1203 2473 1379 2547 quaesunt
1398 2462 1457 2527 im·
1509 2472 1616 2540 taum,
1646 2460 1766 2540 idest,
1795 2462 1852 2525 tibi
1874 2457 2076 2546 patefactum
2098 2462 2131 2525 ln
2155 2463 2261 2526 verbo
2283 2460 2407 2525 tradito
2429 2479 2493 2544 pet·

476 2548 617 2612 mediate
640 2547 781 2631 Spiritus
804 2549 923 2613 saneti.
1509 2546 1626 2612 Patres
1649 2559 1683 2612 ct
1704 2545 1902 2631 Prophetas,
1924 2545 2043 2612 Filium
2066 2558 2099 2611 et
2115 2543 2300 2632 Apostolos
2321 2548 2495 2625 adorabis,

1510 2644 1542 2698 et
1564 2634 1595 2698 ei
1616 2632 1681 2697 soli
1704 2635 1844 2698 servies.
1880 2632 1972 2712 ltem,
1994 2652 2061 2697 non
2079 2633 2221 2698 babebis
2242 2630 2339 2697 Deos
2362 2630 2495 2697 alienos

561 2719 661 2783 Addo
686 2730 719 2783 et
741 2717 808 2783 hoc
829 2719 1051 2784 testimoniam
1075 2718 1117 2783 de
1138 2717 1327 2784 discrimine
1342 2739 1457 2803 perso·
1510 2739 1625 2784 corant
1657 2740 1719 2784 me.
1769 2718 1861 2798 ltem,
1895 2718 1960 2792 Qui
1994 2740 2059 2783 non
2093 2717 2238 2784 honorat
2259 2716 2391 2796 Filium,
2424 2739 2496 2783 non

474 2825 601 2881 narum,
623 2808 713 2889 quod
735 2808 842 2869 estin
864 2806 961 2869 Actis
985 2807 1094 2888 capite
1114 2804 1146 2869 2.
1212 2803 1278 2869 Ubi
1301 2803 1477 2870 Christus*
1508 2806 1652 2870 honorat
1684 2804 1828 2870 Patrem.
1883 2805 1981 2885 ltetn,
2017 2805 2248 2871 Nemavand
2282 2805 2326 2869 ad
2358 2804 2497 2870 Patrem

475 2890 676 2954 discernitur
698 2913 719 2954 a
741 2889 840 2955 Patre
863 2904 896 2954 et
918 2913 939 2957 a
962 2892 1085 2975 Spiritu
1107 2902 1239 2968 sancto,
1264 2910 1338 2956 cum
1362 2893 1456 2956 dicit:
1508 2893 1572 2957 nisi
1594 2911 1656 2976 per
1676 2890 1807 2956 Filium.
1851 2890 1946 2970 ltem,
1981 2890 2145 2977 Quicquid
2171 2891 2334 2975 petieritis
2356 2889 2496 2956 Patrem

364 3001 367 3008 ·
473 2974 622 3040 Dextera
655 2975 719 3041 Dei
748 2973 916 3041 exaltatus
940 2978 1109 3061 accipiens
1131 2971 1331 3061 promissam
1355 2977 1457 3062 Spiri-
1510 2979 1543 3042 ir.
1574 2979 1707 3042 nomine
1740 2998 1831 3055 meo,
1865 2978 1957 3041 dabit
1988 2980 2097 3043 vohis.
2155 2976 2236 3042 ltem
2267 2977 2297 3042 l.
2326 2975 2443 3042 lohan.
2460 2976 2495 3039 2.

473 3073 541 3125 tum
564 3083 586 3127 a
608 3061 718 3126 Patre.
781 3061 879 3129 Alius
901 3062 1001 3149 igitar
1023 3074 1076 3128 est
1098 3061 1210 3141 Pater,
1232 3060 1318 3128 alius
1340 3062 1457 3142 Filius,
1510 3063 1574 3136 Qui
1596 3074 1696 3148 negat
1728 3057 1857 3142 Filium,
1891 3083 1955 3128 nee
1977 3063 2111 3129 Patrem
2132 3061 2245 3128 habet.
2286 3062 2378 3142 ltem,
2403 3060 2497 3135 Quo·

472 3144 559 3213 alius
592 3150 734 3233 Spiritus
768 3163 918 3214 sanctus.
984 3149 1070 3213 Nam
1103 3152 1132 3213 si
1154 3149 1295 3233 Spiritus
1317 3160 1456 3214 sanctus
1509 3151 1607 3215 modo
1630 3151 1847 3228 invocabunt,
1869 3150 1934 3214 nisi
1957 3149 2105 3214 credent.

474 3245 566 3299 esset
600 3236 674 3319 ipsa
706 3254 854 3319 persona
878 3233 991 3299 Patris
1013 3253 1172 3311 movenS,
1201 3255 1268 3297 non
1292 3236 1458 3302 diceretur

472 3322 579 3405 accipi
602 3342 622 3384 a
645 3322 745 3385 Patre
774 3331 808 3385 et
835 3322 905 3386 dari
927 3344 989 3407 per
1010 3318 1137 3385 Filium.
1198 3319 1242 3385 Et
1269 3324 1333 3385 uisi
1364 3330 1457 3389 esset
1595 3320 1689 3387 llaec
1732 3320 1822 3385 dicta
1862 3321 1972 3385 omnia
2008 3317 2307 3388 commonefaciunt
2333 3339 2418 3398 noS,
2457 3331 2512 3385 ut·

473 3404 675 3489 ὁφιστᾰμενος
697 3407 839 3492 Spiritus
861 3419 1011 3485 sanctus,
1034 3429 1099 3471 non
1123 3407 1291 3491 acciperet
1308 3407 1382 3472 eut'tt
1403 3407 1456 3472 Fi·
1511 3410 1690 3486 discamus,
1714 3407 1881 3493 quomodo
1894 3405 2066 3472 lnvocatio
2089 3409 2132 3471 ad
2154 3429 2269 3473 verum
2281 3406 2392 3472 Deum
2417 3407 2496 3470 diri·

471 3489 547 3570 lius,
570 3494 632 3556 sed
649 3504 775 3558 tantum
798 3507 889 3560 esset
912 3496 1013 3559 motio
1036 3505 1148 3559 creata
1171 3495 1205 3558 in
1231 3495 1402 3560 cordibus.
1510 3496 1621 3580 ganda
1641 3494 1702 3571 sit,
1724 3504 1757 3557 et
1778 3494 1986 3578 seiungenda
2007 3495 2049 3558 ab
2072 3493 2346 3574 Ethnicotumet
2367 3490 2497 3557 Haere-

1510 3582 1650 3645 ticorum
1672 3580 1893 3658 invocatione,
1916 3579 1957 3643 de
1980 3580 2100 3665 quain
2124 3577 2258 3644 Psalmo
2279 3578 2330 3643 16.
2354 3579 2494 3643 diciturt

561 3663 667 3728 Huius
691 3665 868 3728 testimonii
890 3685 1012 3750 magna
1029 3664 1251 3749 perspicuitas
1273 3675 1337 3742 est,
1365 3662 1456 3729 utilis
1510 3663 1616 3730 lllalta
1638 3661 1816 3729 suntldola
1834 3684 1960 3742 eorum,
1982 3677 2060 3748 post
2081 3686 2167 3751 quae
2189 3663 2392 3743 accelerant,
2416 3665 2495 3729 Non

474 3753 517 3817 ad
541 3749 824 3815 confirmationem
848 3753 1019 3816 doctrinae
1042 3752 1084 3813 de
1104 3752 1272 3835 personis,
1305 3761 1338 3813 et
1359 3747 1457 3815 simul
1508 3749 1622 3815 libabo
1643 3748 1819 3814 libationes
1842 3770 1955 3814 eornm
1978 3752 2019 3815 de
2042 3753 2215 3838 sanguine,
2237 3771 2299 3816 nec
2321 3771 2495 3816 assumam

372 3861 375 3869 ·
473 3838 571 3901 docet
594 3857 658 3900 nos
682 3838 723 3900 de
743 3836 916 3914 beneficio,
940 3849 972 3901 et
994 3836 1036 3901 de
1060 3856 1163 3920 regno
1177 3833 1249 3899 Filii
1265 3834 1345 3912 Dei,
1368 3837 1457 3920 quad
1511 3839 1643 3902 nomina
1665 3856 1780 3901 eorum
1802 3855 1904 3920 super
1921 3834 2010 3903 labia
2027 3857 2112 3902 mea.
2201 3902 2206 3908 .

475 3925 517 3988 ad
540 3923 605 3988 hoc
628 3924 734 4005 ipsum
759 3924 957 3988 constitutus
980 3924 1021 3987 sit
1039 3922 1109 3987 Rex
1132 3920 1306 3986 Ecclesiae
1327 3922 1382 3985 hic
1405 3921 1457 3986 Fi·
2382 3995 2385 4001 .

475 4006 539 4073 lius
562 4007 729 4087 Christus,
752 4020 788 4072 ut
810 4028 890 4073 vere
914 4029 975 4093 per
998 4030 1072 4074 eum
1095 4010 1192 4073 detur
1214 4007 1356 4091 Spiritus
1379 4029 1456 4072 san·
1595 4006 1657 4073 liic
1691 4004 1783 4073 clare
1815 4008 1949 4072 damnat
1981 4010 2227 4074 invocationem
2260 4019 2294 4073 et
2324 4007 2496 4074 sacrilicia

476 4107 563 4175 ctus,
585 4098 672 4160 sicut
694 4092 760 4159 alio
784 4091 861 4159 loco
884 4095 978 4160 dicit:
1009 4096 1113 4161 Sedet
1138 4096 1181 4158 ad
1203 4096 1371 4159 dexteram
1396 4093 1457 4159 Pa·
1510 4096 1655 4160 omnium
1684 4092 1829 4159 hostium
1858 4092 2045 4181 Evangelii.
2089 4094 2270 4182 Legendae
2291 4108 2370 4159 sunt
2390 4095 2496 4181 igitur

474 4184 534 4245 tris
558 4183 643 4246 dans
662 4182 750 4245 dona
769 4181 967 4248 hominibus.
1012 4180 1095 4246 Vult
1117 4182 1217 4267 igitur
1238 4182 1289 4244 sic
1312 4179 1377 4244 coli
1400 4200 1457 4266 pe·
1508 4181 1667 4246 historiae
1690 4181 1906 4245 certaminum
1929 4182 1961 4245 in
1984 4179 2148 4247 Ecclesia.
2194 4180 2335 4253 Quidam
2357 4183 2495 4247 nomine

473 4270 586 4333 titione
617 4272 755 4332 istarum
791 4268 1047 4346 beneficiorum,
1078 4279 1114 4331 ut
1147 4281 1352 4353 agnoscatur
1386 4268 1457 4329 eius
1508 4266 1708 4332 Valentinus
1742 4266 2013 4332 innumerabilem
2046 4269 2176 4332 turbam
2200 4266 2351 4338 Deorum
2383 4265 2493 4346 linxit,
2528 4319 2533 4328 .

472 4357 664 4438 praesentia
697 4367 729 4418 et
757 4357 905 4438 potentia
938 4355 970 4417 in
1004 4351 1267 4418 sanctificatione
1290 4366 1323 4417 et
1344 4337 1485 4449 delen-,l
1507 4352 1627 4418 ludens
1649 4349 1845 4438 Allegoriis‚
1866 4354 1954 4419 sicut
1975 4366 2095 4438 poetae
2117 4352 2244 4417 ludunt.

371 4450 373 4454 '
472 4442 567 4505 sione
590 4443 733 4505 omniurn
756 4441 982 4505 invocantium
1003 4441 1123 4524 ipsum.

1593 4522 1746 4589 Marcion
1779 4535 1812 4588 et
1845 4525 1974 4604 deinde·
1987 4523 2174 4590 Manichaei
2207 4535 2391 4609 posuerunt
2426 4526 2495 4591 duo

557 4609 718 4676 Recitatis
747 4612 946 4677 testimoniis
975 4611 1140 4675 addantur
1162 4621 1195 4675 et
1217 4608 1390 4697 Symbola,
1422 4622 1455 4675 et
1506 4612 1666 4697 principia
1700 4620 1838 4674 aeterna
1871 4612 2053 4699 pugnaptia
2093 4613 2179 4675 inter
2211 4631 2267 4690 se,
2301 4613 2427 4676 bonum
2457 4621 2496 4676 'et

470 4710 620 4764 veterum
654 4697 760 4776 dicta,
792 4699 879 4763 inter
901 4718 987 4784 quae
1009 4700 1187 4781 praecipue
1207 4709 1288 4762 nota
1309 4699 1352 4760 sit
1374 4716 1454 4762 con·
1504 4697 1638 4777 malum,
1663 4706 1695 4760 et
1717 4697 1928 4761 nominarunt
1949 4694 2057 4762 lucem
2076 4709 2110 4762 et
2127 4695 2206 4776 ὅλην.
2240 4696 2284 4761 Ut
2306 4699 2394 4762 enim
2413 4718 2493 4762 cau·

469 4783 575 4849 sessio
610 4783 763 4870 Gregorii
796 4784 1107 4862 Neocaesan‘cnsiS,
1140 4783 1229 4848 edita
1253 4794 1371 4848 contra
1393 4784 1453 4847 Sa·
1504 4805 1576 4850 sam
1598 4780 1674 4847 mali
1698 4783 1926 4863 ostenderent,
1949 4782 2117 4849 linxerunt
2138 4806 2159 4848 a
2180 4783 2258 4848 luce
2281 4785 2360 4848 oriri
2382 4786 2493 4847 bonas

465 4882 685 4950 mosatertum,
718 4892 803 4956 quae
826 4869 936 4938 officia
960 4890 1179 4957 personarum
1203 4870 1301 4934 etiam
1325 4870 1451 4934 erudite
1502 4882 1653 4948 naturas,
1677 4881 1713 4933 et
1734 4871 1778 4932 ab
1802 4867 1889 4953 Hyle
1917 4868 2033 4934 malas.
2078 4870 2203 4934 Postea
2235 4866 2338 4935 multa
2370 4868 2494 4934 delira·

467 4958 636 5023 discernit.
680 4956 777 5023 Unus
799 4955 894 5024 Deus
916 4957 1016 5023 Pater
1038 4956 1299 5033 verbiviventis,
1320 4958 1451 5040 sapien·
1501 4969 1609 5021 menta
1643 4956 1761 5020 Stoica
1794 4956 2009 5034 addiderunt,
2053 4954 2220 5022 finxerunt
2252 4957 2493 5021 necessitatem
2537 5021 2539 5028 ,

466 5046 531 5109 tiae
549 5044 779 5121 subsistentis,
804 5056 836 5108 et
857 5048 1010 5131 imaginis
1033 5063 1114 5110 snae
1146 5044 1276 5127 integer
1298 5042 1449 5128 integrae
1499 5043 1644 5108 omnium
1667 5042 1847 5119 actionum,
1882 5053 1915 5106 et
1947 5043 2099 5108 homines
2129 5055 2224 5107 ortos
2246 5045 2290 5108 ab
2313 5039 2402 5129 Hyle
2422 5059 2493 5107 nou

465 5132 606 5217 genitor,
630 5129 730 5195 Pater
750 5127 822 5193 Filii
844 5131 1013 5216 unigeniti,
1047 5129 1141 5195 Unus
1163 5128 1328 5193 Dominus
1351 5127 1448 5194 solus
1498 5150 1603 5214 posse
1625 5130 1779 5194 converti
1797 5129 1840 5194 ad
1852 5128 1971 5201 Deum,
1994 5142 2029 5195 et
2051 5141 2146 5194 ortos
2163 5128 2288 5194 aLuce
2305 5149 2373 5194 non
2386 5148 2493 5212 posse

465 5238 506 5282 ex
528 5215 616 5296 solo,
638 5219 748 5303 imago
772 5214 893 5295 Patris,
916 5216 1062 5283 Verbum
1084 5213 1218 5295 efficax,
1240 5214 1345 5281 Filius
1362 5235 1448 5281 sem·
1498 5217 1620 5300 perire,
1656 5216 1812 5302 quicquid
1847 5213 2009 5283 facerent.
2056 5213 2185 5281 Contra
2217 5213 2305 5280 haec
2334 5226 2494 5300 portenta

485 5306 612 5369 itemus
635 5326 677 5369 ex
698 5305 928 5386 sempiterno,¹
951 5301 1048 5368 Unus
1072 5302 1217 5388 Spiritus
1240 5317 1380 5368 sanctos
1403 5322 1446 5368 ex
1498 5303 1603 5367 simus
1626 5304 1744 5367 armati
1777 5303 1993 5383 testimoniis,
2034 5322 2122 5389 quae
2154 5299 2323 5367 affirmant
2356 5304 2493 5368 unicam

460 5323 536 5455 Deo
558 5390 779 5455 substantiam
811 5388 952 5466 habens,
986 5390 1041 5475 qui
1069 5409 1131 5474 per
1151 5386 1269 5454 Filium
1292 5390 1446 5476 apparuit
1496 5408 1574 5456 esse
1605 5389 1786 5460 essentiam
1819 5389 2002 5455 immensae
2035 5388 2215 5474 potentiae,
2245 5389 2435 5473 sapientiae
2457 5399 2492 5454 ot

461 5475 687 5557 sanctificans,
719 5498 782 5561 per
814 5496 912 5562 quem
940 5472 1035 5540 Deus
1069 5495 1172 5560 super
1203 5477 1315 5541 omnia
1349 5486 1382 5540 et
1410 5477 1444 5572 ip
1495 5475 1820 5556 bonitatls‚omnium
1835 5488 2063 5541 creaturarum
2076 5475 2271 5540 creatricem
2280 5473 2493 5560 Angelorum

478 5562 610 5629 mnibus
633 5565 859 5651 cognoscitur.
905 5562 1048 5649 Spiritus
1070 5572 1208 5628 sanctus
1229 5561 1347 5645 incitat
1369 5581 1444 5628 eor·
1493 5573 1528 5628 et
1548 5560 1729 5643 bominum,
1752 5572 1786 5627 ct
1807 5559 1885 5627 mall
1909 5582 2048 5656 causam
2069 5581 2148 5629 esse
2169 5559 2380 5627 voluntatem
2403 5560 2492 5626 libe·
