5892 6709
466 602 507 667 ει
642 614 646 633 ·
756 581 811 616 ·’
1087 545 1833 668 rmnmmuscnn’ranocurmca
2051 573 2088 662 ’.
2436 603 2485 671 aa

465 791 610 854 monium
642 787 836 872 perhibent,
868 786 984 853 salvos
1017 787 1089 853 lieri
1121 807 1182 872 per
1210 807 1330 853 nomen
1363 789 1448 868 eius,
1498 799 1535 854 ut
1549 788 1669 874 inquit:
1688 787 1858 853 iustificati
1876 786 1942 853 fide
1963 808 2080 872 pacem
2096 786 2270 855 habemus.
2303 787 2346 856 Et
2361 790 2483 858 ‹liseri-

466 896 596 953 omnes,
619 877 675 960 qui
698 875 837 938 credunt
855 875 887 938 in
910 895 996 938 eum.

455 1019 458 1025 ·
553 977 672 1058 Altera
701 1005 752 1057 est
781 992 949 1058 absolutio
977 991 1111 1077 publica
1140 1012 1252 1056 eoram
1280 990 1446 1058 Ecclesia.

465 1079 503 1143 ln
536 1080 601 1144 hae
632 1078 781 1162 conspici
814 1099 958 1143 neeesse
990 1090 1043 1143 est
1076 1079 1119 1142 ab
1153 1076 1227 1141 aliis
1260 1079 1448 1142 testimonia
1499 1130 1507 1148 ,

467 1166 715 1241 conversionis,
746 1165 795 1227 ut'
810 1162 865 1227 hic
895 1162 1049 1228 Christus
1076 1162 1259 1227 Pharisaeo
1292 1165 1447 1241 ostendit,

469 1272 530 1315 cur
542 1271 614 1313 eam
627 1250 774 1332 recipiat,
794 1251 871 1333 quia
882 1261 994 1313 extent
1006 1250 1195 1313 testimonia
1207 1248 1446 1313 conversionis.

552 1368 587 1433 Si
612 1370 664 1432 cui
686 1366 771 1431 haec
792 1365 914 1432 solutio
944 1390 1010 1432 non
1059 1365 1163 1445 lacet,
1191 1378 1301 1432 utatur
1327 1364 1446 1431 altera:

465 1453 617 1518 Usitatae
640 1466 718 1536 sunt
740 1453 1002 1539 synecdochae,
1025 1392 1245 1518 llemittuntur
1273 1454 1302 1516 ei
1321 1450 1445 1529 multa,

466 1542 543 1625 quia
555 1560 719 1603 conversa
743 1552 805 1602 est.
824 1538 867 1602 Et
885 1550 994 1603 tamen
1007 1538 1228 1626 Synecdoche
1247 1537 1446 1622 explicanda

465 1638 528 1691 est.
573 1623 655 1690 Cum
679 1624 801 1687 multae
822 1625 889 1687 sint
911 1638 1024 1707 partes
1048 1625 1297 1701 conversionis,
1326 1623 1446 1687 contri-

465 1713 524 1788 tio,
549 1710 643 1787 fides
662 1707 805 1787 dilectio,
829 1730 921 1794 spes,
943 1712 1066 1775 bonum
1089 1711 1312 1795 propositum,
1335 1720 1445 1771 tamen

466 1798 638 1862 sciendum
662 1809 725 1873 est,
749 1797 819 1858 dari
842 1797 1083 1875 remissionem,
1102 1816 1166 1860 non
1186 1806 1324 1880 propter
1342 1793 1446 1878 digni·

465 1894 567 1946 tatem
590 1880 705 1944 harum
742 1883 913 1958 virtutum,
947 1881 1007 1944 sed
1042 1894 1179 1965 propter
1212 1878 1443 1944 llledlatorem.

466 1967 559 2030 llaec
578 1965 759 2030 declaratio
781 1967 921 2031 sumitur
938 1987 977 2029 ex
990 1966 1097 2031 Paulo
1121 1968 1295 2030 dimicante
1313 1965 1355 2028 de
1371 1985 1447 2047 par-

467 2051 568 2116 ticula
587 2052 700 2115 (iratis
724 2050 788 2115 fide
810 2065 946 2135 propter
967 2052 1195 2116 hlediatorem.

705 2343 861 2427 XVIII.
894 2345 1214 2466 Argumentum.¹

524 2534 623 2615 Vita
654 2545 819 2613 aeterna
847 2532 1079 2612 nominatur
1105 2559 1271 2634 meraca,

523 2653 631 2761 Ergo
663 2663 725 2731 est
754 2651 894 2732 debita
921 2679 995 2760 pro
1025 2650 1225 2759 operibus,

552 2832 753 2913 Respondeo
777 2830 982 2893 brevissime.
1012 2828 1149 2891 Phrasis
1171 2839 1249 2891 nota
1272 2839 1335 2903 est,
1357 2825 1445 2891 liler-

465 2920 582 2984 cedem
611 2919 674 2981 dici
703 2937 769 2978 non
799 2928 925 2978 tantum
956 2914 1260 2997 compensationem
1289 2914 1443 2991 debitam,

366 3025 371 3034 ·
464 3005 523 3067 sed
543 3000 684 3066 fructum
708 3002 761 3085 qui
781 3002 938 3084 sequitur.
972 2999 1103 3062 Deinde
1126 3019 1240 3063 verum
1257 3009 1320 3076 est,
1344 2999 1443 3062 vitam

462 3101 644 3162 aeternam,
667 3087 794 3149 etiamsi
817 3096 954 3168 propter
976 3085 1065 3147 aliud
1088 3087 1195 3159 datur,
1217 3096 1326 3147 tamen
1346 3085 1443 3147 etiam

425 3176 427 3179 ’
464 3194 542 3238 θεεθ
563 3173 767 3248 mercedem,
795 3173 873 3253 quia
895 3181 1088 3251 compensat
1112 3166 1305 3245 benefacta,
1327 3180 1364 3231 ut
1388 3189 1442 3251 pa·

391 3255 393 3259 ’
462 3260 647 3323 trimonium
673 3270 725 3318 est
747 3275 877 3319 merces
901 3254 1088 3318 officiorum
1117 3251 1193 3332 filii,
1222 3255 1352 3317 etiamsi
1387 3274 1442 3318 ac·

464 3346 583 3429 cipitur
605 3354 742 3426 propter
764 3339 862 3404 aliam
878 3360 1033 3405 vcucusam.

550 3477 836 3540 Considerandum
873 3488 905 3539 et
946 3474 1012 3540 hoc
1045 3486 1106 3540 est.
1162 3474 1272 3558 Saepe
1308 3484 1443 3538 utuntur

462 3562 651 3646 Prophetae
672 3560 785 3643 phrasi
803 3562 917 3647 Legis,
941 3562 998 3624 uhi
1020 3573 1129 3625 tamen
1153 3560 1377 3642 interpretatio
1401 3579 1442 3623 ex

462 3646 646 3732 Evangelio
669 3648 829 3710 sumenda
853 3660 915 3710 est.
960 3646 1016 3724 Ut,
1038 3646 1168 3709 Reddet
1191 3646 1368 3791 unicuitpe
1390 3666 1443 3709 se·

465 3735 608 3797 cundum
631 3753 733 3815 opera
756 3754 834 3810 sua,
863 3733 919 3797 ubi
941 3743 1010 3795 tota
1033 3733 1210 3796 conversio
1239 3728 1319 3794 intel
1334 3732 1443 3816 igitur,

464 3831 497 3882 et
518 3831 628 3883 tamen
648 3820 822 3881 sciendum
840 3830 902 3896 est,
926 3817 991 3881 lide
1012 3821 1152 3899 primum
1171 3819 1280 3901 gratis·
1294 3817 1443 3880 reconci-

463 3901 629 3970 liationem
659 3905 782 3986 accipi,
810 3917 927 3987 postea
958 3901 1093 3987 placere
1115 3902 1191 3966 Deo
1220 3902 1318 3966 fidem
1341 3912 1373 3965 et
1394 3903 1442 3964 in·

463 3990 615 4053 eltoatarn
640 3991 868 4052 obedientlam.
912 3989 954 4052 Et
996 3990 1054 4051 tias
1077 4000 1205 4052 mentes
1229 4009 1360 4072 semper
1387 4007 1441 4051 so·

463 4097 543 4139 nare
562 4077 658 4139 decet
680 4076 802 4138 dictum
824 4074 940 4139 laceb:
962 4073 1073 4140 llinor
1095 4096 1168 4139 sum
1194 4075 1322 4138 cunctis
1344 4075 1441 4137 mise-

463 4163 643 4224 rationibus
668 4162 742 4224 tuis.

719 4453 838 4535 XIX.
867 4451 1182 4563 Argumentum.

428 4740 431 4744 .
522 4642 659 4724 Iaeobi
698 4649 734 4723 2.
792 4641 953 4722 Videtis
996 4640 1133 4749 igitur,
1174 4642 1284 4749 quod
1325 4669 1380 4722 ex

582 4762 771 4869 operibus
812 4761 1059 4881 iustificetur
1102 4761 1244 4864 homo,
1269 4759 1270 4762 ‘
1296 4789 1379 4842 non

580 4879 663 4960 fide
693 4892 864 4962 tantmn.

546 5058 759 5142 Respondeo.
798 5058 1022 5126 ,Manifestum
1055 5073 1108 5127 est
1140 5062 1174 5126 in
1203 5059 1325 5126 Iacobo
1357 5060 1439 5126 Fide

459 5155 585 5210 tantum
615 5144 751 5231 intelligi
774 5147 923 5211 notitiam
950 5148 1128 5227 historiae,
1162 5148 1204 5211 de
1230 5168 1297 5232 qua
1322 5148 1439 5212 notitia

460 5232 554 5295 dicit:
575 5229 766 5296 Daemones
797 5233 936 5297 credunt
963 5244 996 5297 et
1023 5234 1291 5298 contremiscunt.
1342 5233 1439 5297 Fate-

425 5338 532 5380 *mur
553 5329 676 5395 autem,
701 5318 861 5382 neminem
884 5338 962 5382 esse
983 5319 1104 5382 iustum
1129 5315 1204 5381 sola
1231 5314 1288 5382 illa
1310 5319 1439 5397 notitia,
1534 5376 1539 5384 .

341 5474 352 5484 ³
425 5396 430 5405 '
458 5403 521 5465 sed
548 5399 673 5466 Paulus
701 5400 848 5489 loquitur
876 5404 918 5467 de
940 5402 1024 5482 lide,
1056 5421 1142 5486 quae
1169 5413 1221 5467 est
1248 5406 1372 5490 agnitio
1405 5417 1438 5469 et

459 5484 582 5551 fiducia
597 5489 863 5569 misericordiae,
898 5508 985 5574 quae
1010 5506 1127 5573 pacem
1148 5486 1246 5554 affert
1266 5491 1436 5570 cordibus,
1463 5546 1466 5553 ,

1499 894 1573 937 men
1617 875 1650 937 in
1693 894 1774 938 vera
1814 875 2055 944 conversione.
2077 872 2292 960 intelligitur,
2332 876 2367 940 ln
2410 897 2483 962 qua

1498 958 1583 1023 fides
1605 960 1707 1023 vincit
1728 979 1828 1023 veros
1856 978 2020 1043 pavores,
2051 972 2083 1024 et
2113 971 2165 1025 est
2193 972 2304 1025 motus
2334 961 2483 1048 Spiritus

1499 1046 1625 1122 sancti,
1655 1065 1721 1129 quo
1744 1047 1848 1109 corda
1869 1045 2097 1123 vivificantur,
2126 1056 2160 1109 et
2180 1045 2375 1111 accenditur
2395 1067 2484 1113 vera

1498 1131 1679 1206 invocatio,
1727 1151 1770 1193 ua
1788 1129 1982 1207 clamamus,
2003 1129 2103 1195 Abba
2124 1144 2231 1214 pater,
2254 1141 2289 1195 ut
2305 1132 2427 1196 dicitnr
2446 1133 2485 1198 ln

1499 1214 1676 1280 Zacharia:
1698 1152 1873 1279 Cffundam
1895 1235 1998 1305 super
2027 1216 2159 1279 domum
2179 1214 2290 1280 David
2319 1216 2485 1299 Spiritum

1522 1302 1625 1364 ratiae
1648 1313 1681 1363 et
1701 1321 1848 1383 precum.
1881 1301 1957 1365 Non
1981 1301 2082 1386 igitur
2103 1312 2230 1386 pugnat
2240 1300 2385 1368 lacobus
2402 1322 2485 1370 cum

1497 1321 1618 1463 Paulo,
1639 1386 1700 1449 sed
1723 1385 1764 1449 tle
1786 1383 1852 1449 alia
1874 1381 2090 1470 reloquitur.

1584 1571 1716 1637 Deinde
1750 1592 1822 1637 eum
1855 1573 1916 1637 ait:
1936 1581 1940 1594 “
1960 1571 2013 1636 Ex
2049 1573 2207 1655 operibus
2248 1571 2484 1654 iustificam,

1497 1656 1628 1742 phrasis
1658 1654 1872 1762 intelligenda
1900 1670 1963 1721 est.
2006 1658 2082 1721 Non
2111 1659 2196 1721 enim
2224 1658 2280 1722 hic
2305 1656 2483 1724 iustificari

1498 1755 1550 1807 est
1572 1740 1779 1807 reconciliem
1786 1790 1798 1820 ,
1833 1744 1895 1807 sed
1925 1755 2043 1828 postea
2071 1742 2233 1808 hahentes
2263 1743 2353 1808 bona
2375 1764 2485 1829 opera

1497 1828 1725 1907 iustificantur,
1740 1830 1782 1892 td
1794 1840 1857 1907 est,
1880 1831 2116 1912 approbantur,
2140 1828 2301 1894 hahentes
2319 1829 2484 1896 iustitInrn

1498 1934 1645 1998 operum,
1668 1934 1753 1999 quae
1775 1915 1808 1977 in
1831 1912 2055 1979 reconciliatis
2076 1915 2142 1979 iam
2163 1911 2296 1998 placent
2318 1912 2407 1980 Deo.

1763 2208 1861 2290 XX.
1882 2175 2208 2318 Argumentum.

1557 2395 1778 2498 Iustifieare
1794 2407 1924 2477 estex
1945 2397 2092 2477 iniusto
2107 2396 2257 2476 iustum
2271 2394 2417 2479 saeere.

1557 2514 1689 2596 Iustus
1728 2528 1791 2595 est
1827 2516 1984 2597 habens
2015 2515 2224 2618 iustitiam,
2269 2516 2417 2620 idest,
2510 2523 2515 2528 ’

1618 2634 1893 2715 obedientiam
1917 2636 2128 2743 integram,
2159 2663 2233 2715 seu
2256 2634 2418 2724 confor-
2473 2731 2481 2742 ι

1619 2753 1804 2833 mitatem
1835 2782 1928 2834 cum
1960 2754 2075 2834 Deo..

1554 2870 1662 2981 Ergo
1693 2901 1776 2952 non
1805 2872 1890 2953 sola
1920 2873 2020 2954 Fide
2052 2871 2323 2954 iustificamur.

1581 3050 1781 3135 Respondeo
1805 3052 1848 3115 ad
1869 3054 2037 3116 maiorem.
2085 3051 2270 3116 iustificare
2298 3053 2389 3118 imita
2417 3053 2481 3119 do·
2540 3097 2560 3106 --

1496 3138 1644 3202 ctrimam
1670 3135 1842 3200 Evanrelii
1870 3139 2010 3221 primum
2041 3149 2092 3202 est
2125 3160 2167 3202 ex
2195 3157 2253 3202 reo
2282 3159 2348 3202 non
2380 3160 2479 3205 reum

1495 3221 1619 3287 faeere.
1663 3222 1748 3286 Nam
1795 3242 1836 3285 oe
1858 3225 1967 3309 agitur
1989 3225 2021 3286 in
2044 3225 2132 3287 veris
2156 3221 2347 3301 doloribus,
2379 3246 2481 3310 quae·

1494 3309 1577 3372 ritur
1599 3307 1752 3371 remissio
1775 3320 1988 3390 peccatorum
2011 3319 2044 3372 et
2065 3305 2303 3388 reconciliatio.
2335 3308 2390 3372 De
2412 3309 2480 3376 hac

1494 3413 1531 3455 re
1564 3394 1696 3456 dimicet
1730 3396 1944 3458 conscientia.
1996 3393 2072 3458 ldeo
2106 3396 2224 3459 Acten*
2257 3395 2307 3459 10.
2342 3395 2478 3461 dicitur:

1494 3477 1579 3543 lluic
1597 3499 1713 3542 omnes
1736 3479 1926 3564 Prophetae
1949 3479 2167 3543 testimonium
2195 3479 2387 3564 perhibent,
2422 3503 2478 3547 re·

1493 3565 1681 3627 missionem
1715 3577 1926 3646 peccatorum
1959 3567 2110 3649 accipere
2148 3586 2209 3647 per
2237 3587 2356 3631 nomen
2389 3568 2479 3648 eius,

1493 3669 1622 3726 omneS,
1646 3650 1701 3732 qui
1725 3652 1864 3714 credunt
1883 3653 1915 3713 in
1931 3672 2015 3714 eum.
2060 3649 2118 3714 Sic
2141 3650 2261 3715 clamat
2286 3650 2477 3737 Propheta:

1493 3731 1631 3798 Salvum
1654 3754 1707 3797 nte
1734 3731 1789 3798 fae
1810 3748 1947 3820 propter
1968 3737 2226 3800 misericordiam
2256 3749 2354 3801 tuam.
2399 3736 2479 3804 Etsi

1493 3830 1602 3883 autem
1630 3840 1744 3883 verum
1767 3832 1837 3898 est,
1870 3820 1904 3883 in
1927 3818 1992 3884 hac
2016 3820 2265 3899 consolatione,
2301 3843 2375 3886 cum
2406 3822 2477 3888 fide

1494 3907 1665 3990 eriguntur
1699 3906 1821 3982 eorda,
1852 3918 1885 3969 et
1908 3905 2121 3971 retrahuntur
2149 3928 2190 3971 ex
2213 3904 2343 3984 inferis,
2372 3908 2479 3974 simul

1494 3993 1572 4055 dato
1595 3989 1719 4074 Spiritu
1742 4002 1858 4056 sancto
1880 3992 2032 4056 inchoari
2054 3993 2293 4071 obedientiam,
2320 4006 2353 4055 et
2379 3992 2479 4058 habi·

1494 4086 1566 4139 tare
1593 4075 1703 4140 Deum
1731 4076 1764 4139 in
1787 4079 1890 4140 eorde
1920 4089 2051 4155 renato,
2085 4090 2195 4141 tamen
2229 4097 2359 4161 semper
2387 4077 2480 4143 haee

1495 4160 1681 4226 consolatio
1712 4159 1921 4244 praeluceat,
1973 4164 2039 4225 uod
2066 4164 2207 4228 eredens
2236 4161 2368 4245 placeat
2395 4185 2479 4248 pro·

1493 4257 1569 4329 pter
1590 4244 1817 4310 Mediaterem.
1862 4185 2145 4312 ldeolustilicare
2167 4249 2305 4331 primum
2337 4246 2393 4312 hic
2426 4251 2476 4314 si·

1496 4330 1632 4415 gnificat
1654 4352 1696 4394 ex
1719 4352 1777 4395 reo
1789 4353 1958 4397 nonreum
1971 4331 2094 4412 facere,
2118 4334 2260 4407 ethanc
2277 4330 2478 4400 relationem

1495 4420 1528 4481 in
1551 4419 1655 4481 verbo
1677 4415 1858 4482 iustificare
1881 4419 2128 4503 comprehendit
2152 4416 2294 4498 Paulus,
2321 4439 2396 4482 oum
2426 4421 2480 4488 in.-

1518 4505 1579 4566 uit:
1612 4501 1783 4568 iustificati
1819 4503 1884 4568 lide
1916 4526 2032 4588 paoem
2061 4504 2237 4569 habemus.
2286 4503 2328 4568 Et
2358 4505 2479 4570 nititur

1495 4523 1579 4651 Cdes
1602 4590 1787 4656 obedientia
1810 4589 1945 4658 Christi.
1976 4612 2043 4655 non
2069 4592 2204 4674 propria
2233 4592 2389 4654 novitate.
2435 4587 2477 4655 ln

1493 4672 1652 4738 inlinitum
1681 4678 1767 4739 enim
1803 4673 2016 4744 anteferenda
2045 4688 2096 4739 est
2129 4674 2252 4740 Christi
2286 4676 2477 4742 obedientia

1493 4770 1630 4824 nostrae
1647 4761 1795 4838 novitati,
1809 4761 1907 4824 ,sicut
1918 4759 2041 4825 Paulus
2064 4763 2182 4847 inquit:
2206 4761 2375 4827 iustificati
2392 4781 2475 4826 san·

1495 4847 1595 4930 guina
1617 4847 1731 4930 ipsius.

1493 5137 1630 5241 Quare
1674 5169 1838 5223 neeesse
1888 5151 1951 5223 est
1998 5142 2161 5223 retineri
2205 5139 2469 5247 exclusivum,

1720 5258 1813 5344 Sola
1843 5260 1936 5364 fide,
1968 5289 2041 5342 seu
2072 5259 2233 5349 Gratis?

1576 5405 1718 5489 Propter
1740 5419 1858 5492 quator
1886 5429 2018 5473 causas.
2062 5406 2210 5475 Primum
2236 5419 2274 5473 ut
2302 5409 2471 5473 tribuatur

1490 5491 1598 5558 honos
1621 5493 1752 5559 debitus
1773 5491 1857 5558 Filio
1879 5492 1955 5575 Dei,
1978 5495 2068 5579 quod
2089 5494 2175 5560 haee
2195 5491 2271 5559 sola
2291 5492 2403 5560 hostin
2423 5493 2471 5559 sit
