5892 6709
1093 616 1205 685 anm
1227 615 1332 683 aaa.
1354 611 1543 685 sorum
1558 595 1843 684 nuenarius.
1947 645 1954 658 ·
2413 616 2482 682 na

790 810 943 914 Quinta
983 813 1114 896 Ratio,
1227 850 1230 862 ·
1580 803 1734 870 Breviter
1764 804 1971 869 ostendimus
2000 801 2202 871 oblationem
2226 815 2260 870 et
2280 758 2478 955 applicatio·

868 969 870 973 y
1002 949 1006 956 ,
1494 908 1571 953 nem
1591 890 1625 953 in
1648 890 1753 954 lilissa
1779 909 1930 976 pugnare
1953 910 2027 954 curn
2057 900 2127 955 tota
2148 892 2300 956 doctrina
2352 913 2480 980 vange-

549 974 586 1038 ln
608 974 674 1039 hac
695 977 849 1060 opinione
871 987 923 1040 est
944 975 1120 1042 manifesta
1143 987 1176 1041 et
1186 972 1355 1063 multiplex
1372 976 1442 1041 ido·
1494 972 1528 1037 lii
1557 975 1599 1039 de
1632 972 1766 1039 Christo
1802 976 1928 1041 eteius
1951 975 2135 1054 sacrificio,
2163 997 2237 1041 cum
2259 979 2412 1044 doctrina
2435 979 2480 1043 de

461 1056 606 1139 lolatria,
628 1081 732 1146 quare
755 1060 832 1126 talis
855 1060 961 1126 ltlissa
983 1060 1175 1146 simpliciter
1197 1075 1251 1127 est
1273 1064 1443 1128 abomina·
1494 1061 1584 1125 veris
1613 1058 1755 1125 cultibus
1788 1073 1823 1126 et
1845 1062 1989 1139 deiide,
2022 1063 2100 1125 item
2123 1062 2296 1128 adversari
2317 1066 2423 1129 verbo
2442 1073 2479 1129 et

462 1147 528 1225 tio,
561 1167 678 1231 aqua·
701 1167 816 1212 omnes
837 1149 882 1232 pii
904 1146 1087 1214 abhorrere
1111 1150 1251 1227 dehent,
1281 1149 1369 1233 quod
1390 1149 1441 1213 sic
1494 1146 1688 1211 institutioni
1721 1144 1861 1211 Christi:
1895 1147 2036 1233 denique
2057 1168 2124 1211 non
2147 1149 2280 1213 dubium
2303 1163 2352 1215 est
2371 1147 2479 1215 idolo·

461 1234 585 1318 probo:
1494 1228 1625 1296 latriam
1642 1232 1688 1295 ibi
1706 1232 1878 1311 committi,
1903 1253 1977 1298 cum
2000 1232 2220 1298 Sacramenta
2242 1246 2337 1300 extra
2364 1254 2476 1317 usum,

1342 1377 1347 1385 .
1494 1317 1536 1382 ad
1559 1337 1658 1402 quem
1678 1318 1829 1391 instituta
1849 1330 1940 1396 sunt,
1972 1338 2040 1383 non
2062 1319 2130 1384 slnt
2150 1319 2380 1401 Sacramenta,
2413 1321 2478 1387 sed

549 1400 704 1467 Primum.
750 1402 941 1467 idololatria
963 1415 1017 1468 est
1037 1404 1212 1469 instituere
1240 1401 1363 1469 cultum
1386 1425 1441 1470 ex·
1495 1404 1605 1467 inania
1628 1400 1833 1485 spectacula.

462 1489 690 1566 traverbam,
725 1500 758 1554 et
781 1490 854 1553 sine
875 1492 979 1553 verbo
1002 1488 1086 1568 Dei,
1118 1491 1306 1576 etquidem
1329 1487 1441 1568 talem,
1833 1491 1836 1496 ’

462 1575 519 1659 qui
541 1573 585 1636 sit
608 1572 717 1638 cultus
740 1593 782 1637 ex
805 1595 907 1659 opere
931 1589 1081 1660 operato.
1131 1575 1168 1639 ld
1191 1573 1281 1639 clare
1302 1589 1444 1641 testatur
1477 1573 1481 1580 ’
1581 1570 1675 1664 Cum·
1686 1572 1787 1657 igitur
1808 1585 1940 1639 constet
1951 1572 2156 1639 manifestam
2178 1576 2378 1659 impietatem
2396 1574 2483 1662 heeq

462 1657 528 1724 hoc
552 1660 690 1723 dictum:
713 1659 853 1724 frustra
875 1658 987 1725 colant
1009 1684 1061 1726 mc
1080 1662 1243 1727 mandatis
1265 1659 1454 1726 hominum·
1493 1678 1568 1724 rere
1590 1659 1625 1724 in
1647 1656 1767 1724 talibus
1789 1658 1916 1739 Missis,
1938 1658 2132 1743 simpliciter
2153 1682 2270 1728 omncs
2291 1659 2372 1727 illae
2394 1660 2478 1725 illis·

462 1743 504 1809 Et
533 1743 721 1827 Prophetae
753 1757 877 1810 vocant
908 1744 1128 1812 idololatriam
1161 1746 1326 1811 sacrificia
1358 1767 1443 1833 quae
1494 1765 1554 1808 sae
1575 1745 1788 1809 sacerdotum
1809 1742 1977 1812 tollendae
1999 1758 2032 1810 et
2048 1745 2237 1812 abolendae
2259 1759 2345 1812 sunt.
2382 1748 2478 1812 Abii-

462 1830 590 1894 liebant
623 1841 715 1894 extra
748 1834 885 1896 verbum
919 1845 953 1896 et
985 1834 1174 1897 mandatum
1206 1831 1289 1911 Dei,
1330 1832 1441 1917 qualia
1494 1831 1633 1895 ciendos
1669 1839 1722 1894 est
1754 1828 1883 1911 Canon,
1917 1852 2015 1917 quem
2038 1844 2172 1910 vocant,
2201 1835 2233 1895 in
2263 1854 2329 1918 quo
2347 1836 2479 1918 apertis

462 1927 558 1980 erant
578 1916 745 1980 sacrificia
768 1916 979 1982 excelsorum
998 1930 1030 1982 et
1051 1919 1084 1982 in
1107 1914 1205 1997 lucis,
1229 1916 1338 1983 cultus
1363 1920 1442 1983 vitu·
1493 1916 1607 1981 verbis
1630 1914 1667 1979 fit
1689 1912 1813 1981 oblatlo
1836 1928 1869 1981 et
1889 1917 2069 2002 applicatio
2092 1938 2154 2002 pro
2176 1915 2264 1996 aliis,
2288 1932 2321 1983 et
2342 1920 2480 1984 additur

462 1998 571 2065 lorum
607 2001 641 2065 in
674 2002 861 2080 Bethavcn,
888 2003 966 2067 item
996 2002 1106 2069 cultas
1140 2005 1234 2068 aenei
1267 2006 1441 2087 serpentis.
1494 1999 1706 2067 idololatrica
1738 2002 1904 2068 invocatio
1939 2014 2140 2067 sanctorum.
2207 2004 2356 2069 Econtra
2377 2025 2479 2070 revo-

462 2087 532 2153 Sed
554 2084 638 2152 haec
661 2086 785 2152 oblatio
809 2101 842 2152 et
862 2087 1042 2172 applicatio
1052 2088 1180 2154 lllissae
1201 2101 1254 2167 est
1275 2086 1352 2153 talis
1374 2085 1442 2154 cul·
1495 2088 1621 2151 candus
1643 2098 1752 2153 estet
1769 2085 2133 2153 reddendusEcclesiis
2154 2110 2256 2154 verus
2278 2109 2362 2167 usus
2385 2091 2481 2172 iuxta

462 2183 529 2252 tus,
564 2174 619 2258 qui
652 2193 719 2237 non
753 2176 855 2238 hahet
877 2176 1068 2239 mandatum
1089 2172 1167 2255 Dei,
1201 2194 1265 2238 nec
1287 2176 1442 2240 convenit
1493 2173 1744 2250 institutionem,
1778 2172 1945 2251 videlicet,
1967 2176 2276 2250 ut,sitcommunis
2299 2195 2420 2254 coena,
2444 2176 2481 2239 in

463 2279 537 2323 cum
560 2260 763 2323 institutione
782 2259 918 2338 Christi,
939 2262 1004 2325 imo
1028 2258 1184 2344 neglecto
1207 2260 1312 2326 verbo
1334 2271 1441 2324 trans·
1494 2269 1561 2345 qua
1583 2259 1788 2325 distribuitur
1810 2278 1933 2344 corpus
1955 2271 1989 2325 ει
2010 2262 2148 2347 sanguis
2166 2260 2318 2340 Domini,
2352 2263 2410 2326 ubi
2433 2262 2482 2346 pii

460 2341 567 2408 fertur
595 2346 784 2410 ceremonia
811 2346 844 2409 in
874 2365 970 2410 usum
992 2344 1135 2410 alienum
1157 2348 1200 2411 ab
1223 2325 1441 2412 institutione:
1493 2356 1670 2409 vescentes
1692 2345 1922 2425 admonentur,
1944 2356 1979 2410 ιιι
2000 2356 2148 2411 statuant
2169 2348 2368 2432 sibipignus
2391 2348 2480 2425 dari,

461 2425 555 2518 Ergo
577 2428 653 2494 telis
676 2431 783 2495 lilissa
806 2451 886 2496 vere
909 2443 961 2495 est
983 2428 1212 2498 idololatricus
1235 2429 1370 2497 cultus·
1495 2432 1584 2516 quod
1606 2440 1746 2496 testetur
1767 2431 1860 2516 ips'os
1884 2451 1962 2496 esse
1985 2428 2110 2495 Christi
2133 2434 2291 2509 inembra,
2315 2434 2359 2497 ad
2381 2435 2481 2517 ipsos

1031 2511 1035 2522 '
1494 2537 1575 2581 vere
1608 2518 1774 2602 pertinere
1809 2516 1971 2582 beneficia
1992 2513 2127 2595 Christi,
2161 2519 2324 2605 sanguiue
2347 2516 2479 2585 Christi

549 2600 717 2667 Secundo.
763 2600 981 2668 Sacramenta
1014 2614 1108 2667 extra
1140 2620 1237 2667 usum
1263 2622 1284 2665 a
1306 2600 1441 2668 Christo
1493 2603 1587 2687 ipsos
1608 2601 1744 2668 ablutos
1766 2621 1854 2667 csse.

461 2687 644 2752 institutum
678 2707 744 2751 non
778 2699 856 2751 sunt
890 2688 1122 2765 Sacramenta,
1155 2688 1232 2791 quia
1261 2684 1337 2752 talis
1358 2707 1442 2752 usus
2225 2734 2240 2768 ,
2458 2720 2462 2726 ·

461 2771 654 2837 nonhabet
677 2775 828 2851 verbum,
861 2785 893 2836 ει
915 2785 1078 2859 repugnet
1098 2773 1304 2839 institutioni.
1349 2774 1442 2839 Sicut
1581 2770 1757 2839 Postremo
1779 2773 1988 2857 repudianda
2002 2783 2055 2837 est
2076 2774 2284 2860 imaginatio,
2317 2794 2405 2860 quae
2428 2772 2481 2841 sa·

460 2878 552 2923 nuuc
584 2857 801 2924 Circumcisio
824 2858 955 2923 ludaica
974 2872 1031 2924 aut
1054 2858 1196 2925 Tarcica
1216 2879 1283 2924 non
1307 2873 1360 2924 est
1382 2859 1440 2923 Sa·
1494 2859 1538 2922 cit
1560 2859 1738 2923 discrimen
1755 2859 1841 2923 inter
1863 2880 1948 2943 opus
1971 2861 2163 2924 Sacerdotis
2177 2872 2218 2947 ,et
2241 2858 2356 2937 Laici,
2378 2861 2481 2947 quasi

461 2956 680 3021 crumentum,
716 2957 750 3009 et
782 2946 869 3008 sicut
891 2966 977 3031 aqua
1000 2945 1155 3030 baptismi
1176 2966 1243 3010 non
1266 2957 1358 3010 esset
1380 2945 1441 3008 Sa·
1494 2946 1680 3009 sacerdotis
1702 2964 1788 3027 opus
1810 2944 1853 3009 sit
1864 2945 2042 3028 peculiaris
2062 2942 2171 3009 cultus
2193 2947 2225 3009 in
2238 2943 2396 3010 Ecclesia
2419 2968 2481 3014 ne·

463 3042 681 3106 crumentum,
702 3031 731 3094 si
755 3029 974 3096 transferetur
995 3033 1038 3096 ad
1060 3027 1146 3095 alios
1168 3050 1251 3096 usus
1264 3043 1358 3096 extra
1369 3050 1442 3096 ver·
1495 3031 1674 3109 cessarius,
1698 3042 1732 3094 et
1754 3030 1809 3116 qui
1833 3051 1893 3114 pro
1915 3027 1989 3095 aliis
2008 3028 2080 3094 lieri
2104 3032 2240 3094 debeat:
2269 3031 2357 3103 Quia
2380 3028 2481 3097 Chri·

461 3115 539 3180 hum
563 3136 604 3178 ac
625 3115 873 3195 institutionem,
893 3118 982 3180 acsi
1004 3113 1273 3196 circumferretur
1300 3119 1344 3181 ad
1366 3138 1440 3201 spe-
1495 3128 1567 3180 stus
1589 3137 1656 3181 non
1675 3112 1756 3184 facit
1778 3116 1968 3195 discrimen,
1989 3116 2050 3180 sed
2069 3115 2140 3181 vult
2163 3128 2200 3180 ut
2221 3117 2265 3180 sit
2287 3119 2483 3184 communis

461 3202 630 3280 ctandum,
652 3199 708 3267 vcl
729 3204 772 3265 ad
795 3204 1028 3287 aspergendos
1050 3202 1213 3268 homines.
1257 3203 1327 3266 Aut
1345 3204 1441 3266 sicut
1495 3223 1617 3280 coena,
1650 3202 1708 3267 ubi
1741 3202 1883 3287 quisque
1915 3222 1998 3266 suae
2027 3200 2104 3267 lidei
2139 3203 2348 3267 exercendae
2371 3224 2484 3271 cause

460 3284 620 3371 Episcopi
644 3284 759 3352 lavant
781 3300 814 3353 et
835 3285 966 3375 tingunt
988 3286 1096 3354 nolas,
1139 3288 1177 3353 ld
1199 3287 1440 3373 spectaculum,
1493 3300 1605 3353 utatur
1628 3287 1862 3367 Sacramento,
1884 3307 1958 3352 oum
1979 3288 2101 3374 inquit:
2134 3289 2286 3371 Accipite
2308 3290 2485 3355 comedite

461 3373 619 3459 quianon
632 3387 785 3439 servatur
806 3375 978 3454 institutio,
999 3396 1068 3441 non
1091 3386 1203 3458 potest
1224 3376 1289 3439 dici
1310 3374 1441 3459 Baptis-
1495 3387 1558 3439 etc.
1622 3373 1695 3439 Etsi
1718 3374 1807 3458 quod
1830 3384 1884 3439 εει
1914 3374 2110 3453 discrimen,
2143 3384 2268 3438 tantum
2300 3376 2487 3441 ministerii

460 3478 548 3537 mus,
571 3461 634 3524 sed
657 3472 709 3525 eat
730 3458 842 3525 illusio
865 3472 898 3531 et
920 3459 1121 3536 contumelia
1144 3460 1374 3530 Sacramenti„
1393 3459 1442 3525 lta
1495 3473 1560 3538 est,
1578 3460 1667 3545 quod
1685 3459 1854 3524 Sacerdos
1875 3472 1912 3524 ut
1933 3460 2082 3524 minister
2104 3459 2278 3525 Ecclesiae
2299 3458 2377 3525 aliis
2398 3482 2485 3545 por-

460 3542 579 3622 Missa,
612 3546 645 3608 in
674 3566 740 3630 qna
774 3546 811 3609 fit
833 3544 970 3625 oblatio,
992 3558 1026 3611 et
1047 3545 1234 3632 applicatur
1255 3544 1341 3626 aliis,
1374 3567 1440 3610 non
1495 3548 1589 3631 rigit,
1624 3547 1745 3611 caeteri
1778 3546 1955 3629 accipiunt.
2022 3545 2091 3611 Sed
2124 3548 2198 3630 ipsa
2227 3547 2421 3612 ceremonia
2450 3556 2488 3612 et

462 3641 577 3694 servat
600 3627 838 3695 institutionem
862 3630 997 3711 Christi,
1018 3653 1106 3717 quae
1127 3634 1218 3697 iubet
1239 3653 1307 3697 non
1330 3631 1441 3697 oller-ri
1493 3653 1589 3710 usas,
1611 3633 1793 3697 communis
1816 3643 1870 3697 est
1892 3632 1950 3696 toti
1972 3630 2160 3709 Ecclesiae,
2181 3653 2202 3695 a
2224 3630 2362 3697 Christo
2385 3633 2487 3698 insti·

462 3736 525 3800 pro
554 3711 646 3793 aliis,
669 3718 728 3780 sed
751 3717 947 3781 manducari
966 3730 999 3781 et
1017 3719 1085 3781 bibi
1109 3738 1231 3801 corpus
1253 3731 1286 3781 et
1308 3720 1442 3802 sangni-
1495 3729 1587 3781 tutus
1610 3730 1643 3781 ει
1665 3719 1829 3782 traditus·
1860 3716 1904 3781 Et
1925 3718 2088 3781 sacerdos
2107 3718 2253 3782 minister
2275 3730 2341 3797 est,
2359 3717 2489 3785 acEc·
2542 3787 2546 3794 ,

462 3820 538 3865 nem
560 3798 713 3880 Domini,
746 3805 807 3867 sed
830 3799 1029 3868 transfertur
1051 3804 1094 3867 ad
1116 3800 1240 3871 cultum
1257 3800 1399 3868 alienum
1422 3825 1443 3866 a
1496 3801 1619 3866 clesiac
1641 3804 1756 3882 servit,
1778 3813 1905 3867 noa-ut
1925 3802 2044 3868 offerat
2065 3809 2289 3869 autrescetur
2299 3824 2365 3889 pro
2387 3802 2486 3885 aliis,

461 3889 577 3952 verbo.
1495 3890 1556 3953 sed
1577 3901 1614 3953 ut
1635 3890 1786 3974 porrigat
1802 3889 1955 3953 omnibus
1977 3890 2032 3975 qui
2054 3901 2180 3974 petunt.

546 4056 638 4143 Ergo
660 4056 746 4123 haec
766 4061 879 4122 missa·
892 4080 958 4123 non
980 4070 1033 4132 est
1055 4058 1318 4138 Sacramentum,
1340 4079 1443 4145 quare

462 4143 574 4250 palam
597 4156 669 4223 est,
702 4142 1134 4249 horribilemidololatriam
1156 4147 1331 4223 committi,
1367 4167 1441 4209 cum
1494 4177 1746 4244 RffipssNSpO
1780 4114 2179 4253 ADSARGUMENTA,
2214 4178 2340 4251 QUAE
2374 4180 2488 4248 0311·

461 4251 523 4316 pro
548 4234 856 4309 Sacramento,uh1
880 4232 1140 4297 distribuendum
1164 4242 1234 4295 erat
1264 4251 1386 4314 corpus
1410 4242 1442 4294 ct
2163 4262 2165 4266 <

464 4318 602 4402 sanguis
631 4315 783 4394 Domini,
816 4319 1012 4401 proponitur
1033 4316 1140 4381 lllissa
1162 4318 1347 4382 sacerdotis
1370 4329 1442 4380 tan·
1529 4353 1533 4360 ·
1603 4296 1797 4364 ClUNTUR
1819 4296 1882 4363 DE
1913 4297 2164 4364 SACRfflClO
2192 4298 2370 4366 MSS-41⁴3·

463 4423 562 4489 quam
582 4422 682 4487 opus,
715 4404 804 4488 quod
838 4418 1002 4467 mereatur
1031 4403 1258 4466 remissionem
1287 4412 1442 4485 peccato·
2317 4438 2319 4442 ι

462 4510 552 4567 rum,
572 4492 663 4553 -item
696 4492 802 4574 prosit
836 4491 932 4552 etiam
966 4489 1103 4553 mortuis
1112 4534 1125 4566 ,
1153 4488 1196 4552 ad
1231 4489 1440 4551 redimendas
1799 4526 1864 4609 P.
1968 4524 2048 4611 Ob.
2120 4528 2129 4545 .

464 4592 594 4659 poenas
616 4576 809 4660 purgatorii.
866 4574 958 4638 llaec
980 4586 1058 4639 sunt
1080 4574 1252 4639 mendacia
1273 4575 1456 4658 impudens
1653 4582 1657 4589 '
1834 4555 1936 4610 mna
2038 4539 2168 4609 leem·

462 4674 515 4727 ter
537 4660 683 4724 conficta
717 4664 759 4725 ab
782 4656 968 4724 idololatris
992 4672 1025 4725 et
1052 4661 1161 4743 impiis
1183 4658 1379 4725 sacrificulis
1403 4680 1442 4722 ac

461 4745 651 4824 ltonacnts,
674 4749 729 4832 qui
751 4748 994 4810 sanctissimam
1011 4748 1228 4815 ceremoniam
1239 4744 1444 4831 polluuntac
1583 4742 1676 4808 Sicut
1696 4745 1730 4808 in
1748 4739 1824 4830 lege
1841 4752 1937 4807 erant
1958 4745 2149 4829 quotidiana
2171 4743 2358 4823 sacrificia,
2393 4767 2487 4831 quae

464 4829 669 4897 transferunt
691 4835 732 4897 ad
756 4831 960 4897 rnanilestam
985 4829 1217 4911 idololatriam,
1239 4853 1281 4896 ac
1303 4833 1333 4895 ei
1350 4853 1444 4915 prae·
1467 4885 1472 4928 ι
1496 4831 1621 4893 {iebant
1643 4852 1703 4913 pro
1726 4828 1817 4907 aliis,
1851 4827 1950 4913 quale
1980 4840 2051 4894 erat
2072 4832 2160 4915 quod
2190 4832 2378 4898 vocabatur
2402 4833 2486 4920 iugc

463 4930 580 4985 texunt
602 4939 722 4983 nomen
742 4920 959 4997 Sacramenti,
981 4932 1014 4982 et
1036 4918 1101 4982 lios
1123 4915 1352 4983 idololatricae
1375 4914 1444 4983 cul·
1468 4940 1472 4997 p
1497 4915 1702 4981 Sacrificium
1735 4927 1799 4982 etc.
1844 4914 1893 4979 lta
1927 4916 1960 4980 in
1989 4936 2078 4981 novo
2100 4915 2313 4980 Testamenta
2344 4930 2485 5001 oportet

462 5017 518 5073 tus
541 5002 722 5071 defendunt
743 5016 881 5089 propter
904 5018 1089 5091 quaestum.
1497 5022 1574 5066 esse
1608 4999 1675 5065 tale
1708 5002 1933 5086 quotidianum
1957 5021 2018 5067 seu
2039 5003 2116 5088 iugc
2139 5001 2353 5079 sacr-ilicium,
2389 5006 2485 5088 quod

1497 5088 1654 5153 offeratur
1675 5109 1735 5171 pro
1747 5085 1908 5153 Ecclesia.
1932 5086 2005 5152 lloc
2028 5090 2250 5173 quotidianum
2274 5088 2484 5155 sacrificiunt

529 5169 620 5242 ¹llas
642 5177 904 5242 abominationes
924 5177 1020 5239 etiarn
1034 5177 1181 5261 cogitare
1199 5172 1359 5240 horribile
1382 5186 1445 5254 est,
1497 5187 1549 5238 est
1579 5174 1694 5238 Missa.
1759 5171 1801 5238 Et
1834 5176 1899 5238 hac
1930 5170 2096 5259 allegatur
2117 5171 2213 5238 locus
2236 5173 2417 5257 Epistulae
2440 5176 2484 5240 ad

464 5285 569 5351 quare
592 5285 708 5329 omnes
731 5264 773 5347 pii
797 5260 884 5324 hanc
906 5261 1201 5347 prophanationem
1223 5265 1301 5327 totis
1328 5262 1444 5325 animis
1496 5260 1647 5324 Ebracos
1669 5260 1700 5322 5.
1745 5259 1861 5324 Omnis
1885 5259 2037 5324 Pontifex
2061 5280 2101 5323 ex
2124 5260 2315 5324 hominibus
2347 5283 2483 5326 assum·

464 5352 613 5415 execrari
647 5352 780 5415 dehent.
846 5348 917 5411 Nec
951 5361 1001 5412 est
1024 5349 1174 5427 dubium,
1208 5350 1286 5433 quin
1308 5360 1444 5433 propter
1496 5359 1586 5431 ptus,
1610 5368 1670 5429 pro
1692 5344 1880 5410 hominibus
1904 5345 2126 5424 constituitur,
2159 5347 2191 5407 in
2214 5345 2378 5431 hisquae
2405 5358 2484 5413 sunt

465 5448 578 5501 tantas
611 5435 897 5522 prophanationes
929 5432 1024 5500 Deus
1052 5432 1257 5501 horribiliter
1277 5436 1445 5500 irascatur
1496 5434 1582 5516 apud
1605 5432 1733 5512 Deum,
1760 5444 1796 5503 ut
1818 5431 1936 5497 olserat
1959 5434 2046 5497 dona
2069 5447 2102 5499 et
2122 5432 2289 5495 sacrificia
2314 5454 2377 5516 pro
2405 5455 2483 5517 pec·

464 5534 499 5587 et
520 5523 633 5607 puniat
653 5526 819 5590 mundum.
1497 5523 1580 5585 catis
1603 5533 1669 5584 etc.
1735 5518 1821 5583 lliac
1843 5520 2081 5585 ratiocinantur
2101 5518 2300 5584 adversarii:
2331 5517 2423 5585 Cum
2450 5515 2512 5585 ia'
