5892 6709
463 623 528 692 ttl

445 809 554 889 licet,
575 808 774 894 Acceptum
796 828 858 874 seu
874 805 1113 875 Reconciliatio
1136 804 1314 873 includitur
1333 807 1368 872 in
1389 828 1448 872 vo·

385 961 387 964 ,
463 894 587 965 cabulo
608 897 728 979 iustus,
747 907 782 961 et
803 897 853 959 de¹
868 892 932 960 hac
944 892 1214 959 reconciliatione
1225 892 1359 958 dimicat
1370 914 1447 959 con·

464 983 618 1061 scientia,
639 1002 707 1047 non
730 984 869 1066 quaerit,
883 980 931 1045 'an
953 983 1041 1046 iusta
1062 978 1174 1057 faciat,
1196 980 1257 1046 sed
1275 978 1397 1045 fatetur
1406 1000 1448 1046 se

463 1090 531 1135 non
554 1066 678 1134 habere
700 1067 788 1154 legis
809 1064 1049 1152 impletionem,
1071 1080 1105 1131 et
1126 1062 1248 1131 clamat
1270 1081 1447 1150 expresses

463 1155 540 1222 Non
563 1166 615 1218 est
637 1156 746 1219 iustus
772 1154 806 1217 in
829 1165 1014 1237 conspectu
1035 1164 1093 1216 tuo
1116 1153 1223 1216 omnis
1245 1153 1379 1231 vivens,
1412 1154 1447 1217 id

464 1253 529 1319 est,
562 1239 692 1304 habens
713 1240 874 1387 integram
898 1238 1127 1304 obedientiam.
1173 1235 1257 1303 Cum
1279 1238 1381 1323 igitur
1398 1240 1460 1302 in·-

463 1328 534 1475 quit
557 1326 741 1390 Osianderr
799 1323 968 1389 ustificare
984 1336 1037 1389 est
1058 1345 1101 1389 ex
1123 1344 1190 1389 nou
1212 1324 1302 1389 iusto
1324 1324 1447 1389 iustum

478 1431 590 1489 acere,
611 1410 643 1474 id
667 1423 731 1489 est,
753 1409 930 1475 habentem
953 1422 1045 1475 recte
1066 1407 1169 1487 iacta,
1191 1407 1447 1475 sciamusaliter
1497 1464 1506 1482 .

462 1494 555 1583 loqui
568 1493 894 1577 Paulumvmeltcct
914 1494 1106 1579 iustificare,
1128 1508 1245 1560 estex
1267 1515 1334 1560 uon
1346 1496 1447 1576 iusto,
1485 1540 1489 1549 -

461 1583 582 1663 idest,
612 1602 658 1647 ex
679 1604 751 1663 reo,
773 1593 808 1647 et
829 1603 897 1648 uon
919 1583 1063 1649 habente
1084 1578 1307 1665 impletionem
1329 1580 1446 1667 Legis,

461 1666 576 1734 iacere
598 1668 732 1746 iustum,
766 1670 800 1733 id
823 1679 894 1746 est,
925 1689 993 1732 non
1013 1690 1105 1734 ream
1127 1678 1264 1754 propter
1284 1666 1447 1734 Mediato-

461 1774 544 1821 rem.
567 1753 661 1820 llaec
683 1751 800 1819 relatio
824 1756 964 1840 primum
985 1756 1021 1819 in
1042 1757 1146 1836 verbo
1168 1753 1371 1818 lustilicandi
1399 1754 1446 1818 in·

462 1837 646 1927 telligenda
668 1852 732 1904 est.
766 1839 824 1905 Sic
835 1839 960 1906 Paulus
983 1841 1102 1906 eadem
1122 1839 1365 1926 significatione
1385 1839 1446 1913 uti,-

462 1936 517 1992 tur
540 1923 886 1992 uerbislleconciliari
909 1939 944 1991 et
966 1925 1152 1995 lustiliean’.
1174 1946 1248 1991 cum
1267 1926 1325 2003 ait,
1349 1924 1446 1990 llum.

462 2012 496 2077 5.
518 2011 687 2078 iustificati
708 2014 884 2100 sanguine,
900 2012 934 2077 id
955 2026 1020 2092 est,
1052 2007 1258 2078 reconciliati
1277 2030 1339 2096 per
1358 2032 1446 2077 mor·

463 2109 530 2163 tem
551 2101 633 2166 eius.

479 2266 483 2273 ’
549 2267 648 2341 Quod
680 2268 715 2332 in
745 2270 851 2334 verbo
873 2265 1075 2332 laetificandi
1097 2286 1241 2333 necesse
1262 2267 1305 2331 sit
1326 2266 1445 2332 intelli·

351 2430 353 2434 ·
462 2374 545 2441 gera
578 2351 790 2432 relationem,
822 2352 951 2419 scilicet
978 2353 1208 2418 remissionem
1229 2366 1446 2439 peccatorum

460 2437 637 2506 manifeste
680 2441 861 2506 ostendunt
894 2442 980 2505 haec
1020 2442 1110 2505 dicta
1141 2439 1218 2505 Act.
1249 2438 1300 2503 10.
1360 2438 1447 2504 llnio

461 2547 579 2593 omnes
602 2524 792 2611 Prophetae
812 2526 1033 2591 testimonium
1055 2524 1245 2610 perhibent,
1277 2525 1446 2591 remissio·

462 2634 540 2679 uem
561 2625 776 2698 peccatorum
798 2613 953 2760 accipere
975 2632 1036 2696 per
1057 2631 1177 2678 nomen
1207 2612 1297 2689 eius,
1329 2631 1446 2678 omnes

464 2700 519 2784 qui
542 2700 682 2762 credunt
700 2700 733 2763 in
756 2718 840 2761 eum.
890 2715 974 2775 tem,
1003 2694 1099 2762 Beati
1121 2717 1262 2781 qnorum
1285 2698 1447 2762 remissae

463 2795 541 2860 sunt
561 2785 759 2869 iniquitates.
802 2782 918 2848 Lucae
939 2782 986 2847 18.
1011 2785 1115 2868 inquit
1136 2780 1357 2848 Publicanus‘r
1379 2781 1446 2847 De-

461 2890 503 2935 us
521 2871 683 2953 propitius
704 2881 780 2934 esto
801 2868 880 2932 mihi
903 2871 1081 2953 peccatori.
1103 2869 1135 2932 2.
1150 2865 1279 2955 llegum
1303 2869 1353 2933 la.
1377 2868 1446 2932 Do·

355 3027 358 3032 ,
462 2957 574 3021 minus
596 2953 734 3019 abstulit
754 2968 929 3040 peccatum
951 2967 1050 3021 tuum.
1095 2955 1138 3021 Et
1149 2952 1272 3020 Esaiae
1293 2953 1347 3020 38.
1365 2952 1447 3020 Pro·

463 3041 571 3106 iecisti
593 3053 672 3125 post
694 3054 825 3144 tergum
847 3053 936 3107 tuum
959 3043 1069 3104 omnia
1087 3054 1225 3125 peccata
1246 3062 1331 3106 mea.
1354 3041 1448 3106 Sem·

463 3147 525 3212 per
547 3148 621 3192 cum
644 3129 836 3193 accedimns
860 3129 901 3191 ad
924 3147 1035 3205 reum,
1057 3128 1147 3192 initio
1170 3130 1315 3212 petenda
1337 3137 1371 3191 et
1392 3148 1447 3191 ao·

382 3283 390 3296 ,
464 3213 618 3297 cipieuda
640 3223 691 3277 est
713 3214 866 3277 remissio
889 3226 1102 3298 peccatorum
1120 3211 1199 3291 fide,
1223 3225 1256 3278 et
1271 3235 1346 3280 cum
1360 3214 1447 3278 acci·

464 3301 553 3382 pitur
573 3299 726 3365 remissio
748 3298 833 3378 fide,
854 3297 953 3363 simul
976 3297 1042 3363 boc
1063 3299 1119 3378 fit,
1140 3300 1231 3385 quod
1253 3297 1378 3365 Paulus
1400 3301 1448 3365 iu·

463 3386 550 3469 quit:
572 3383 742 3451 lustificati
764 3384 830 3450 fide
851 3405 970 3470 pacem
991 3383 1165 3466 habemus.

548 3554 600 3620 Ac
622 3575 764 3641 prorsas
785 3556 976 3642 imaginatio
991 3555 1170 3637 reiicientla
1191 3566 1256 3636 est,
1278 3554 1457 3642 quaeflfins

464 3639 513 3727 git
524 3639 651 3707 Neroni
670 3652 812 3790 peccata
833 3643 975 3706 remissa
993 3661 1084 3720 esse,
1106 3643 1167 3706 sed
1189 3643 1337 3707 damnari
1360 3662 1447 3721 eum,

465 3728 544 3812 quia
575 3748 642 3793 uon
694 3730 774 3792 abet
794 3729 950 3792 iustitiam
973 3725 1196 3802 essentialem,
1240 3728 1316 3793 Non
1338 3729 1375 3793 fit
1397 3749 1447 3793 re·

462 3814 579 3878 missio
600 3826 828 3899 peccatorum,
844 3817 917 3879 sine
939 3812 1016 3894 ilde,
1063 3814 1116 3879 uia
1139 3814 1261 3878 dictum
1278 3828 1348 3881 est:
1382 3813 1447 3888 Qua

461 3920 531 3967 non
552 3902 659 3967 credit
676 3900 710 3964 iu
731 3921 817 3979 eum,
838 3911 950 3965 manet
970 3901 1020 3965 ira
1076 3901 1107 3966 ei
1128 3920 1231 3987 super
1252 3920 1337 3969 eum·

548 4071 643 4137 Haec
660 4071 750 4137 dicta
771 4073 948 4158 perspicue
969 4074 1149 4138 ostendunt
1170 4069 1377 4149 relationem,
1398 4071 1446 4137 ri·

462 4156 583 4225 delicet
604 4160 834 4223 remissionem
857 4171 1081 4243 peccatorum,
1099 4171 1133 4223 et
1144 4156 1446 4224 reconciliationem

461 4242 586 4310 includi
608 4245 641 4308 in
666 4245 771 4310 verbo
789 4242 1003 4309 iustificandi.
1049 4243 1141 4309 llaec
1163 4246 1236 4328 ipsa
1256 4257 1368 4309 autem
1390 4265 1446 4318 ac·>

461 4332 569 4414 ceptio
592 4329 810 4407 remissionis,
833 4349 898 4392 non
923 4341 975 4394 est
995 4328 1116 4413 frigida
1137 4330 1344 4415 imaginatio,
1378 4329 1447 4395 Sed

462 4417 510 4494 fit,
533 4436 608 4478 cum
630 4417 664 4480 in
687 4435 768 4481 vero
791 4412 908 4480 dolore
920 4417 1061 4480 sentitur
1073 4412 1274 4493 consolatio,
1296 4427 1447 4500 quaeest

461 4501 657 4579 vivificatio,
693 4522 779 4587 quae
799 4500 854 4577 fit,
877 4524 953 4567 cum
972 4498 1074 4566 Filius
1096 4501 1158 4565 Dei
1181 4499 1279 4566 simul
1303 4514 1354 4565 est
1375 4501 1445 4567 etti·

462 4610 525 4653 cax
554 4607 629 4651 cum
657 4590 763 4653 verbo
785 4600 943 4663 externo,
972 4600 1005 4651 et
1027 4588 1105 4651 dicit
1127 4586 1389 4657 consolationem
1411 4590 1443 4653 iu

461 4674 576 4753 corde,
597 4686 631 4737 et
653 4675 800 4739 ostendit
820 4672 1081 4740 misericordiam
1104 4675 1224 4752 Patris,
1246 4686 1279 4739 et
1301 4677 1357 4740 dat
1376 4677 1444 4761 Spi-

460 4762 559 4826 ritum
581 4772 745 4839 sanctum,
764 4762 850 4825 sicut
873 4757 963 4825 clare
985 4762 1114 4840 dicitnr,
1139 4768 1168 4827 1.
1192 4759 1307 4826 lohan.
1329 4761 1362 4825 5.
1406 4760 1443 4825 ln

461 4844 526 4912 boc
549 4847 799 4931 cognoscimus,
821 4849 910 4933 quod
934 4849 967 4911 in
990 4868 1032 4912 eo
1054 4867 1239 4927 manemus,
1261 4857 1295 4913 et
1315 4848 1388 4932 ipse
1409 4848 1444 4912 iu

459 4933 570 5013 uobis,
593 4933 670 5018 quia
691 4934 734 4997 de
755 4933 966 5019 Spiritusne
988 4935 1045 4999 dat
1065 4935 1175 5000 nobis.

546 5103 633 5170 Utor
653 5114 763 5169 autem
786 5116 819 5169 et
841 5104 906 5169 hac
926 5104 1034 5170 lomna
1057 5104 1089 5168 in
1103 5100 1326 5170 declaratione
1343 5125 1443 5170 voca·

461 5189 570 5259 cabuli
594 5188 851 5267 lustiflcationis,
874 5211 948 5255 cum
971 5190 1137 5256 lohannes
1159 5192 1262 5256 dicate
1297 5193 1361 5265 Qui
1386 5191 1443 5256 lra-

459 5281 517 5344 bet
539 5276 668 5357 Filium,
690 5276 794 5341 habet
814 5279 932 5356 vitam,
965 5275 1158 5343 Declaratiu
1179 5278 1256 5343 inde
1277 5280 1361 5344 santi
1384 5300 1443 5364 po·

461 5376 545 5444 test,
579 5364 753 5431 iustificari
776 5375 845 5444 est,
881 5384 922 5428 ex
949 5386 1016 5429 non
1038 5362 1183 5430 habente
1205 5361 1338 5443 Filium,
1370 5365 1441 5429 lieri

459 5450 637 5517 habentem
661 5449 786 5519 Filium.
831 5450 965 5516 llabere
997 5464 1108 5517 autem
1131 5447 1265 5526 Filium,
1300 5461 1353 5517 est
1375 5450 1440 5517 fide

460 5549 618 5619 statuere,
639 5539 730 5627 quod
750 5551 887 5630 propter
908 5538 1130 5606 obedientiam
1140 5536 1265 5605 Christi
1276 5537 1441 5606 donentur

1097 617 1212 686 PlllL.
1232 616 1541 687 nramsctttl’ta
1561 618 1844 688 boemanos„
1920 712 1923 717 ν
1948 697 1960 707 Ἀ

2310 619 2481 687 ’459

1498 809 1595 875 uobis
1613 810 1768 874 remissio
1790 818 1825 874 et
1845 808 2082 876 reconciliatio.
2126 806 2258 875 Deinde
2279 806 2482 877 esthabere
2514 815 2520 824 '

1499 918 1574 961 cum
1595 895 1816 962 vivificantem
1840 916 1903 962 nos
1926 916 1988 962 sua
2006 892 2167 961 efficacia.
2212 894 2271 961 Sic
2285 894 2483 985 intelligitur

1496 979 1626 1047 habens
1648 980 1778 1060 Filium,
1799 982 1834 1045 id
1855 993 1919 1061 est,
1940 1003 2008 1048 non
2030 1001 2109 1048 reus
2131 994 2269 1066 propter
2292 982 2425 1064 Filium,
2445 995 2484 1050 et

1498 1069 1617 1133 deinde
1646 1065 1833 1133 vivificatus
1884 1088 1921 1133 er
1942 1090 2024 1134 eum.
2071 1067 2275 1152 ldeo'inqnit
2297 1067 2482 1137 lohannes:

1498 1153 1562 1227 Qui
1579 1153 1680 1219 babet
1702 1153 1834 1234 Filium,
1862 1090 1969 1220 habet
1990 1156 2091 1220 vitam
2114 1166 2147 1218 et
2168 1156 2323 1241 congruit
2343 1155 2410 1222 hoo
2431 1157 2483 1221 di·

1498 1250 1587 1306 ctum
1610 1261 1686 1306 cum
1708 1237 1786 1304 illoc
1808 1238 1921 1306 lustus
1942 1239 2008 1306 fide
2031 1260 2095 1306 soa
2116 1240 2216 1306 vivet.

1582 1373 1634 1442 Ex
1654 1376 1709 1442 his
1730 1374 1869 1465 intelligi
1936 1389 2004 1443 test
2015 1375 2245 1444 Osiandricam
2256 1376 2484 1446 definitionem

1496 1463 1640 1530 rustitiae
1659 1482 1728 1528 non
1750 1483 1830 1529 esse
1851 1483 1869 1527 s
1932 1466 2084 1543 cientem,
2103 1486 2177 1531 cum
2195 1465 2255 1529 aitr
2278 1463 2406 1530 lustitia
2417 1478 2484 1546 est,

1496 1552 1586 1637 quod
1619 1547 1721 1615 elficit
1752 1569 1816 1615 nos
1848 1549 1935 1615 iusta
1967 1546 2092 1615 facere.
2137 1551 2173 1616 ln
2202 1549 2267 1616 hac
2289 1550 2483 1618 defiuitione

1497 1656 1565 1742 non
1597 1635 1635 1700 lit
1664 1637 1789 1701 mentio
1811 1636 2018 1704 obedientiae
2039 1634 2114 1743 tjilit
2132 1637 2200 1742 liei
2221 1652 2360 1722 propter
2381 1659 2484 1723 quam

1496 1721 2087 1898 ii⁰tiiti’tt,tttdit,tittt³
2104 1734 2238 1875 tiit?
2251 1722 2483 1896 utilitia

1495 1916 1584 1960 mum
1616 1895 1763 1959 nominat
1795 1895 2016 1960 obedientiam
2048 1894 2121 1960 hilii
2144 1895 2220 1961 Dei.
2268 1897 2395 1962 lustitia
2427 1905 2484 1961 est

1496 1980 1686 2047 obedientia
1708 1977 1783 2044 Filii
1799 1977 1864 2045 Dei
1887 1981 1985 2047 nobis
2006 1982 2179 2067 imputata,
2194 1982 2235 2046 id
2253 1994 2321 2064 ost,
2343 1994 2484 2068 propter

1496 2087 1598 2154 quam
1620 2067 1797 2151 recipimur
1819 2064 1897 2146 fide,
1920 2088 1986 2152 qua
2007 2066 2073 2132 fide
2095 2080 2128 2132 et
2149 2066 2326 2135 vivificatio
2348 2066 2398 2146 fir,
2419 2087 2483 2153 per

1496 2153 1505 2217 i
1531 2173 1604 2219 sum
1637 2150 1755 2219 Filium
1776 2149 1853 2217 Dei.
1902 2150 1957 2217 De
1989 2151 2054 2219 hac
2087 2154 2302 2238 imputatione
2335 2151 2483 2239 loquitur

1525 2236 1623 2304 aulus
1645 2237 1742 2304 Rom.
1764 2239 1796 2305 4.
1813 2252 1848 2304 ct
1871 2238 1923 2303 10.
1978 2238 2069 2305 Finis
2101 2238 2204 2328 Legis
2238 2237 2394 2306 Christus
2427 2248 2482 2305 est

1497 2326 1542 2390 ad
1561 2326 1718 2390 iustitiam
1741 2325 1830 2391 omni
1851 2326 2009 2391 credenti.
2395 2351 2398 2356 ⁴

1529 2507 1532 2518 '
1583 2459 1677 2560 llaec
1709 2495 1752 2561 de
1783 2493 1958 2562 vocabulis
1978 2497 2121 2572 lustitia,
2153 2495 2284 2573 Iustus,
2305 2457 2481 2562 lustificarl

1499 2599 1613 2649 eoram
1635 2579 1711 2646 Deo
1729 2583 1819 2647 dicta
1842 2584 1919 2646 sint.
1943 2582 2077 2648 ¹Postea
2099 2583 2269 2668 quomodo
2290 2603 2377 2647 nova
2400 2584 2482 2648 obe-

1498 2669 1620 2734 dientia
1641 2668 1771 2734 dicatur
1791 2666 1930 2749 lustitia,
1952 2667 2040 2734 inira
2062 2670 2232 2754 copiosius
2255 2669 2413 2735 dicemus.

1583 2837 1782 2904 Nominatur
1796 2840 1883 2905 enirn
1895 2839 2031 2919 iustitia,
2052 2838 2138 2912 Quia
2155 2850 2209 2905 est
2225 2837 2380 2905 inchoata
2398 2859 2482 2907 con-

1497 2920 1647 2991 formitas
1669 2946 1744 2991 curn
1766 2925 1878 3012 Lege,
1906 2946 1991 3011 quae
2013 2940 2124 2990 tanuen
2147 2926 2222 2991 ideo
2245 2924 2374 3011 placet,
2403 2927 2482 3013 quia

1498 3032 1645 3098 persona
1665 3012 1730 3076 iam
1753 3010 1833 3077 Fide
1855 3010 2070 3077 reconciliata
2092 3024 2164 3093 est,
2187 3024 2220 3077 et
2248 3012 2378 3097 placet,
2411 3034 2489 3079 nou

1498 3099 1576 3249 quia
1598 3108 1651 3163 est
1672 3098 1804 3186 integra
1825 3099 2027 3178 obedientia,
2048 3099 2110 3163 sed
2132 3111 2270 3185 propter
2280 3096 2398 3163 Filium
2411 3097 2482 3163 bie·

1520 3185 1676 3265 latorem,
1710 3196 1744 3249 et
1775 3205 1938 3251 summam
1971 3187 2180 3250 sacerdotem
2218 3186 2483 3251 intercedentem

1497 3272 1634 3336 assidue
1654 3291 1716 3355 pro
1739 3272 1856 3350 nobis,
1887 3284 1920 3336 et
1942 3272 2055 3337 tribuit
2079 3269 2174 3337 Deus
2196 3271 2287 3336 bunc
2309 3272 2483 3359 ingentem

1497 3356 1658 3424 honorem
1681 3378 1790 3423 novae
1813 3368 1847 3421 ct
1868 3354 2041 3444 squalidae
2063 3359 2284 3435 obedientiae,
2312 3368 2349 3422 ut
2376 3360 2482 3423 nomi·

1496 3455 1554 3508 net
1575 3464 1649 3510 eam
1661 3444 1814 3528 iustitiam
1826 3456 1859 3508 at
1878 3443 2087 3509 sacrificium.
2121 3446 2187 3510 Sed
2206 3458 2315 3509 tamen
2334 3443 2482 3509 discerni

1498 3549 1572 3594 eam
1604 3542 1738 3617 oportet
1769 3532 1813 3596 ab
1835 3528 1893 3595 illa
1925 3531 2050 3596 iustitia
2071 3542 2105 3596 et
2126 3529 2379 3611 iustificatione,
2438 3552 2483 3596 ue

1496 3613 1596 3680 bomo
1620 3638 1733 3683 coram
1746 3615 1820 3681 Deo
1843 3617 1965 3701 accipit
1985 3619 2212 3682 remissionem
2235 3629 2269 3681 et
2286 3551 2482 3682 reconcilia·

1496 3702 1632 3781 tionem,
1654 3724 1742 3788 quae
1763 3703 1950 3768 nominatur
1970 3704 2140 3789 imputatio
2164 3703 2309 3771 iustitiae
2336 3724 2397 3789 per
2419 3700 2482 3769 tlt·

1436 3814 1445 3833 ·
1496 3787 1714 3855 sericordiam
1735 3800 1873 3875 propter
1893 3785 2012 3855 Filium
2031 3789 2261 3858 Mediatorem.

1629 3913 1634 3934 l

1628 4120 1704 4205 DE
1733 4118 2052 4208 VOCABULO
2084 4111 2348 4207 GRATIAE.

1584 4336 1699 4404 Gratia
1719 4338 1888 4427 significat
1909 4342 1942 4404 in
1955 4338 2021 4405 hac
2037 4340 2233 4425 quaestione
2249 4335 2391 4404 relative
2403 4356 2481 4424 gra·

1496 4424 1611 4491 tultam
1632 4428 1860 4493 remissionem
1878 4438 2092 4512 peccatorum
2119 4438 2153 4490 et
2174 4422 2482 4491 reconciliationem

1496 4530 1559 4576 sen
1581 4513 1850 4592 misericordiam,
1872 4526 1907 4578 ct
1928 4514 2189 4597 acceptationem
2207 4513 2385 4597 gratuitam
2404 4533 2482 4595 pro·

1518 4610 1569 4662 ter
1590 4600 1822 4678 Mediatorem,
1856 4621 1931 4664 cum
1958 4620 2024 4682 qua
2051 4600 2248 4663 remissione
2275 4609 2308 4661 et
2330 4599 2481 4661 reconci-

1494 4620 1630 4751 liatione
1652 4684 1751 4751 simul
1773 4685 1856 4750 liunt
1878 4683 2056 4749 vivificatio
2079 4706 2139 4770 per
2161 4682 2289 4761 Filium,
2312 4704 2385 4748 cum
2399 4682 2480 4747 Fide

1493 4774 1676 4859 accipimus
1693 4793 1811 4837 vocem
1829 4770 1922 4835 Evan
1949 4770 2023 4851 clii,
2038 4786 2071 4838 et
2093 4773 2226 4836 donatio
2237 4770 2381 4855 Spiritus
2402 4790 2480 4833 san·

1496 4859 1551 4923 cti.
1596 4855 1721 4923 Paulus
1744 4858 1843 4944 igitur
1865 4793 2096 4924 adhumanas
2119 4858 2151 4922 5.
2175 4858 2306 4923 duobus
2331 4858 2479 4920 vocabu·

1494 4943 1536 5008 liu
1559 4965 1641 5010 usus
1662 4955 1716 5009 est
1738 4943 1968 5029 complectens
1992 4943 2154 5011 beneficia
2177 4943 2381 5008 blediatoris.
2409 4941 2479 5005 No·

1495 5034 1595 5096 minat
1612 5031 1759 5097 Gratiam
1782 5045 1815 5096 et
1837 5032 1959 5098 donum
1981 5053 2041 5117 per
2062 5033 2210 5118 gratiam.
2257 5029 2407 5093 Gratiam
2430 5030 2479 5091 in·

1494 5116 1612 5204 telligit
1634 5115 1790 5197 relative,
1818 5121 1996 5204 gratuitum
2023 5116 2171 5182 favorem
2199 5136 2260 5181 seu
2290 5116 2479 5179 misericor·

1494 5205 1599 5283 diam,
1632 5222 1694 5269 seu
1724 5206 1954 5270 remissionem
1976 5215 2203 5291 peccatorum,
2227 5215 2260 5267 et
2282 5199 2478 5266 reconcilia·

1493 5292 1616 5357 tionem
1638 5312 1701 5356 seu
1718 5294 1982 5377 acceptationem
2000 5293 2179 5380 gratuitam
2195 5301 2332 5375 propter
2349 5287 2478 5354 llledia·

1492 5392 1609 5445 torem.
1726 5413 1732 5422 ·

1576 5533 1711 5620 Donum
1721 5553 1804 5601 vero
1825 5531 2045 5621 perGretiant
2062 5527 2407 5618 intelligitnoritatem
2427 5530 2476 5596 in·
