5892 6709
499 625 566 698 tto
1132 621 1247 697 Pllllr.
1269 626 1374 695 Mau.
1397 625 1586 696 SCRIPTA
1607 626 1888 696 coenatica.
2271 623 2274 630 ’
2450 623 2520 700 836

699 718 707 755 1

498 819 586 885 lecta
602 829 657 886 est
675 818 858 886 maioribus
879 775 1139 899 calamitatibus,
1171 839 1270 906 quam
1300 815 1358 885 alii
1377 819 1482 886 homi·
1534 819 1612 885 dum
1633 819 1843 884 adsumserat
1863 815 2040 884 humanam
2060 827 2224 883 naturam.
2252 815 2410 903 oportuit·
2429 822 2518 889 enim
2642 861 2645 869 ·

498 908 588 975 nesi
1532 905 1623 971 hunc
1643 902 1761 971 Filium
1782 923 1915 991 semper
1935 900 2108 970 Ecclesiae
2123 916 2238 970 notum
2259 925 2349 972 esse.
2392 905 2438 973 Et
2456 903 2519 973 lt’u·

1532 992 1585 1057 ius
1618 988 1692 1057 Filii
1723 991 1849 1078 agnitio
1881 990 2058 1056 discrimen
2091 987 2172 1057 lacit
2202 991 2437 1060 interveram
2450 992 2519 1062 Del

584 1041 804 1194 Respondeo,
838 1041 1009 1127 Expresso
1042 991 1165 1107 dictum
1187 1052 1240 1107 cst
1261 1041 1297 1107 iu
1318 1042 1483 1108 sententia
1532 1074 2146 1163 Eoelffliam,etrepiqu051,0mpm,

500 1130 610 1217 capite
636 1132 650 1193 1
677 1175 686 1192 .
715 1127 832 1207 lilarci,
856 1125 1029 1214 Recipient
1046 1122 1248 1213 centuplum,
1271 1147 1346 1193 cum
1368 1147 1482 1214 perse·

499 1220 642 1284 cutione.
686 1215 872 1302 Utmmque
903 1234 1019 1282 verum
1052 1226 1116 1294 est,
1139 1212 1326 1280 Ecclesiam
1344 1225 1482 1300 propter
1618 1214 1754 1281 Tradita
1776 1225 1828 1280 cst
1849 1212 2004 1280 Patribus
2021 1215 2200 1298 promissio
2221 1214 2264 1279 de
2286 1227 2427 1283 venturo
2449 1216 2517 1285 ltoc

497 1302 620 1371 multas
643 1321 779 1379 causas,
801 1313 838 1364 ut
859 1320 922 1365 suo
943 1299 1023 1365 loco
1044 1300 1183 1379 dicetur,
1207 1302 1482 1366 subiectamesse
1531 1299 1690 1382 Domino,
1708 1314 1743 1367 et
1764 1302 1960 1377 adsumtum
1981 1300 2160 1384 humanam
2180 1312 2346 1381 naturam,
2368 1315 2406 1369 ut
2416 1301 2516 1372 fieret
2641 1323 2645 1333 ·

499 1389 603 1468 cruci,
625 1400 658 1452 et
680 1383 842 1473 singulari
863 1384 1005 1452 consilio
1018 1385 1093 1465 Dei,
1114 1388 1185 1473 pati
1206 1385 1320 1466 filium,
1338 1384 1481 1453 interfici
1533 1388 1677 1455 uictima.
1742 1386 1871 1453 Norant
1902 1386 2004 1473 igitur
2031 1384 2151 1453 Patres
2178 1397 2259 1453 tunc
2280 1390 2404 1456 adesse
2425 1389 2517 1459 huno
2649 1412 2655 1424 ·

498 1472 600 1553 Abel,
622 1474 768 1550 Esaiam,
790 1473 969 1553 laciniam,
990 1472 1040 1538 Ba
1065 1474 1187 1553 tistam,
1199 1470 1383 1539 Paulumet
1395 1471 1481 1538 alios
1532 1473 1710 1540 Dominum
1730 1471 1906 1541 Ecclesiae
1927 1493 2023 1555 suaa,
2046 1475 2101 1560 qui
2121 1484 2361 1562 tarnenpnstca
2382 1476 2518 1544 adsum·

496 1557 775 1638 innumerabiles,
804 1570 837 1625 et
866 1572 976 1625 tamen
999 1580 1019 1624 a
1041 1495 1116 1624 lieo
1138 1556 1330 1626 mirabiliter
1351 1560 1482 1626 servari
1533 1574 1629 1628 turus
1651 1572 1743 1626 esset
1762 1558 1941 1625 humanam
1963 1572 2129 1639 naturam,
2152 1561 2240 1627 sicut
2259 1563 2421 1648 scripturn
2443 1575 2514 1630 asta

496 1648 605 1734 ipsum
625 1666 746 1734 agmen
767 1646 866 1711 etiam
888 1667 964 1712 cum
984 1643 1077 1712 multi
1099 1642 1218 1712 milites
1229 1644 1481 1723 interficiuntur,
1532 1644 1704 1713 Abraham
1736 1646 1818 1712 vidit
1839 1646 1925 1711 diem
1943 1667 2069 1727 meum,
2091 1658 2125 1712 ct
2145 1644 2291 1713 lactatus
2312 1663 2376 1715 est.
2421 1649 2515 1732 lteru,

498 1745 532 1799 ct
565 1735 692 1800 interea
723 1733 778 1798 iris
810 1733 997 1798 viventibus
1019 1733 1091 1798 dari
1111 1753 1133 1800 a
1154 1732 1230 1798 Deo
1251 1732 1410 1818 hospitia,
1432 1734 1480 1797 vi·
1531 1734 1743 1820 Antaaqueru
1763 1729 1933 1798 Abraham
1955 1744 2055 1799 uatus
2077 1744 2144 1814 est,
2166 1753 2232 1821 ego
2253 1753 2340 1802 sum.

498 1831 604 1899 mum,
633 1820 724 1885 vires
746 1820 917 1904 corporis,
950 1818 1096 1905 politius,
1117 1821 1343 1886 oeconomias.
1398 1815 1481 1884 Vult
1616 1868 1657 1937 Η,
1701 1871 1710 1890 ,
1796 1869 1829 1935 D
1885 1871 1895 1934 ί
2060 1867 2090 1935 ff
2352 1873 2360 1893 ⁸

498 1907 585 1971 enim
607 1904 702 1970 Deus
724 1906 758 1969 in
780 1924 905 1991 genere
926 1905 1070 1971 humano
1093 1923 1181 1985 esse,
1204 1921 1238 1971 et
1259 1926 1394 1973 mouere
1415 1903 1480 1970 Ec-
1650 1891 1680 1934 ¹⁰
1700 1891 1775 1957 ¹9⁵⁰
1832 1890 2058 1975 ⁰m¹¹¹¹⁸,¹⁰9¹¹
2084 1884 2159 1937 ⁰⁸¹⁸
2179 1873 2294 1978 ’119019
2314 1868 2377 1979 ῙΨῑ
2397 1875 2515 1940 ⁰⁰¹¹Vl·

498 1989 648 2071 clesiam,
681 1991 867 2076 etquidem
888 1988 1049 2057 vulteum
1072 2011 1155 2057 cons
1179 1992 1240 2071 ici,
1261 2002 1296 2058 et
1316 1992 1479 2069 exaudiri,
1531 1976 1576 2022 η
1596 1954 1765 2024 Absm‘·
1809 1955 1853 2023 El
1873 1953 2225 2110 intellgebffllmcn
2247 1960 2426 2026 ‘¹¹⁸⁰ssffl0fl
2447 1959 2514 2027 Le·

496 2075 578 2145 ldeo
601 2080 762 2164 scriptum
775 2089 845 2142 est:
861 2076 938 2143 Nou
955 2074 1142 2144 mortuilau
1166 2075 1477 2144 abunttellomine.
1531 2041 1599 2194 {23
1607 2054 1639 2149 ‘l
1661 2044 1892 2195 Kr⁰¹¹li⁸⁸l⁰¹¹i⁸
1901 2043 1957 2194 13¹⁰
2001 2064 2043 2110 ⁸⁰
2064 2045 2369 2173 venm‘mftlm’.
2392 2058 2515 2113 ”mm

1602 2151 1635 2213 pr
1688 2149 1815 2195 ommes
1848 2150 1870 2194 a
1935 2150 1977 2194 eo
2004 2142 2143 2216 propter
2169 2129 2260 2195 hunc
2281 2130 2513 2215 Mediatorem,

583 2214 629 2280 Ut
651 2217 750 2302 igitur
771 2216 871 2281 vitam
894 2216 947 2281 sui
970 2226 1088 2281 coetus
1110 2226 1241 2281 tucatur
1267 2215 1375 2294 Deus,
1395 2212 1479 2281 mul·
1530 2236 1597 2281 non
1621 2228 1756 2302 propter
1777 2214 1916 2303 Legem,
1937 2228 1972 2282 ct
1993 2214 2110 2305 colligi
2131 2228 2301 2283 aeternam
2323 2216 2513 2286 Ecclesiam
2542 2289 2548 2294 ,

495 2302 540 2367 tis
558 2302 730 2368 beneficiis
754 2322 827 2367 eam
849 2304 951 2380 iuvat,
974 2313 1008 2367 et
1029 2300 1150 2367 multas
1174 2300 1379 2367 calamitates
1396 2302 1480 2367 miti·
1556 2313 1667 2387 ropter
1687 2322 1762 2367 eom
1784 2313 1818 2367 et
1837 2322 1899 2388 per
1921 2323 2007 2368 eum.
2051 2301 2101 2367 lta
2123 2323 2263 2387 prorsus
2283 2303 2403 2370 similis
2425 2306 2513 2372 tides

497 2399 565 2474 gat.
608 2387 651 2452 Et
684 2389 815 2474 quidem
837 2389 1027 2460 exuscitari,
1050 2389 1211 2467 exerceri,
1233 2400 1267 2461 et
1289 2387 1479 2453 confirmari
1567 2390 1591 2454 it
1612 2408 1714 2455 verae
1734 2386 1909 2454 Ecclesiae
1930 2402 2008 2454 ante
2030 2390 2308 2456 resurrectionem
2319 2389 2458 2471 Christi,
2477 2404 2512 2457 et

498 2473 569 2540 vult
603 2474 712 2553 fidem,
745 2495 851 2559 spem,
884 2488 917 2539 et
938 2476 1179 2540 invocationem
1196 2475 1230 2539 in
1252 2475 1409 2559 petitione
1428 2495 1478 2539 re·
1529 2471 1704 2541 Ecclesiae
1724 2486 1803 2559 post
1824 2476 2118 2556 resurrectionem,
2151 2475 2215 2541 nisi
2249 2478 2338 2562 quod
2358 2489 2512 2563 tempora

392 2607 396 2616 .
495 2582 570 2625 rum
594 2558 828 2644 corporalium,
850 2558 933 2627 Vult
955 2562 1053 2626 etiam
1076 2562 1108 2625 in
1130 2557 1253 2647 politiis
1276 2572 1310 2625 et
1331 2581 1477 2627 oecono·
1530 2562 1747 2627 adsumtionis
1769 2572 1909 2627 naturae
1929 2562 2260 2629 humanaediscerni
2281 2566 2437 2651 oportuit.

495 2647 571 2712 miis
591 2644 706 2711 lucere
728 2632 985 2726 consessionem,
1008 2660 1043 2712 et
1065 2648 1217 2712 exerceri
1238 2646 1348 2712 officia
1370 2649 1478 2712 since·

496 2753 555 2797 rae
577 2730 775 2798 dilectionis.

583 2869 676 2934 llaec
699 2871 808 2935 omnia
831 2870 996 2955 quomodo
1019 2880 1218 2957 congruant,
1238 2880 1328 2938 recte
1348 2870 1479 2935 institu·
1748 2927 1757 2946 ,
1823 2927 1832 2945 ,
1880 2927 1889 2946 ,
2065 2929 2074 2946 ,
2385 2931 2407 2948 „

496 2956 578 3022 tiiu
601 2956 753 3021 doctrina
774 2954 959 3043 Evangelii,
982 2957 1097 3024 dextre
1124 2957 1270 3025 iudicare
1291 2969 1443 3044 possunt.
1620 2927 1686 3010 De
1716 2927 1944 3012 disertmlne
1974 2928 2097 3041 Legis
2127 2941 2171 3013 et
2199 2928 2420 3043 Evangelu.
2490 3019 2499 3044 ,

1618 3178 1669 3245 Sit
1690 3180 1789 3329 iqitur
1810 3180 1916 3264 prima
1937 3179 2023 3246 haec
2044 3181 2221 3246 admonitio
2233 3182 2374 3247 maxitne
2395 3201 2513 3248 neces·

617 3241 1060 3376 sucomunraas
1092 3287 1357 3375 simeoni.
1531 3266 1620 3330 wi
1643 3263 1711 3330 n,
1727 3266 1827 3344 “¹³⁰2
1861 3267 1903 3331 ‘¹⁹
1936 3268 2124 3332 ⁶¹⁸⁰fi¹¹¹³¹¹⁶
2146 3266 2195 3332 ¹⁴⁰
2221 3268 2249 3331 ‘⁸
2272 3281 2305 3333 ⁰²
2326 3267 2513 3442 litigi:

1531 3350 1602 3417 Nec
1625 3372 1709 3435 opus
1732 3364 1783 3417 est
1806 3354 1870 3417 iam
1893 3353 1958 3418 dici
1981 3354 2022 3417 de
2042 3352 2157 3439 politia
2215 3354 2290 3434 cisi,
2312 3366 2345 3420 et
2368 3358 2410 3421 de

1531 3440 1595 3503 bus
1636 3438 1827 3504 forensibus
1861 3448 1895 3504 et
1928 3438 2224 3519 ceremonialibus,
2267 3460 2352 3527 quae
2385 3453 2513 3507 tantum

380 3519 382 3527 '
457 3547 460 3554 ¹
582 3504 753 3569 Haciessus
776 3506 898 3587 fficium
922 3518 974 3572 θδῐ
996 3503 1138 3573 fideliler
1159 3502 1477 3594 delmesymbffl
1531 3526 1612 3591 certi
1633 3526 1846 3609 temporis-et
1868 3528 1965 3591 unius
1983 3524 2118 3610 politiae
2139 3523 2288 3604 lucrant,
2322 3530 2363 3594 de
2391 3529 2513 3614 quibus

495 3591 613 3677 prima,
635 3592 677 3655 de
700 3594 804 3656 tribus
825 3594 993 3677 personis,
1016 3595 1059 3657 de
1081 3596 1247 3658 creatione
1268 3590 1421 3670 hominis,
1445 3603 1480 3656 et
1531 3608 1616 3676 inf„
1637 3631 1756 3677 mrsu,
1779 3612 1918 3692 dicetur,
1940 3611 2010 3678 Sed
2030 3613 2139 3680 dim,
2160 3613 2203 3678 ὼ
2224 3613 2319 3701 Lege
2340 3611 2470 3682 morali,

495 3675 634 3743 aliarum
657 3698 784 3757 rerum,
819 3680 860 3741 rie
884 3675 983 3763 lapsu
1012 3679 1190 3763 primorum
1213 3692 1405 3763 parentum,
1435 3679 1478 3743 de

495 3778 636 3848 peccato
669 3774 703 3828 et
730 3766 772 3829 de
803 3762 907 3851 Lege.
951 3764 1050 3829 Nunc
1078 3765 1267 3830 accedimus
1289 3765 1342 3829 ad·
1356 3765 1479 3828 doctri·

495 3870 572 3916 nam
595 3852 637 3913 de
660 3846 744 3914 Filio
766 3849 964 3930 lllediatore,
996 3863 1029 3915 et
1051 3852 1094 3916 de
1115 3851 1319 3916 redemtione
1341 3849 1477 3915 humani
1513 3855 1526 3878 ⁴

494 3939 641 4089 goeris,
664 3938 706 4002 de
728 3939 924 4002 remissione
945 3949 1171 4022 peccatorum,
1205 3938 1246 4002 de
1270 3937 1478 4002 restitutione
1668 4003 1673 4009 ,
1758 3941 1869 4047 Quid
1899 3944 1951 4028 sit
1980 3946 2072 4029 Lex
2099 3946 2288 4030 moralis?

529 4025 639 4088 stitiac
661 4035 693 4089 et
716 4026 804 4089 vitae
825 4036 992 4104 aeternae,
1016 4024 1058 4089 de
1080 4022 1282 4090 collectione
1301 4021 1478 4090 Ecclesiae

496 4123 672 4190 aeternae,
705 4122 737 4175 et
770 4112 910 4177 caeteris
932 4109 1081 4177 articulis
1105 4112 1161 4198 qui
1184 4112 1222 4176 in·
1240 4108 1403 4197 Symbola
1425 4130 1480 4175 sc·

497 4210 651 4283 quantur.
1322 4241 1332 4256 ·
1619 4226 1749 4300 limet
1769 4214 1885 4298 adem
1907 4218 2053 4299 estLex
2075 4229 2232 4314 nonis,
2256 4201 2359 4300 curs*
2383 4210 2515 4300 summa

582 4337 627 4399 Et
645 4339 679 4399 in
701 4354 800 4401 onom
811 4335 983 4399 Demirnrm
1004 4344 1150 4415 aminon
1169 4337 1284 4403 leston.
1301 4334 1398 4402 cnm
1530 4316 1568 4385 ἶ»
1596 4312 1785 4406 ”widila
1806 4315 2052 4404 ⁰⁰mllih‘m
2077 4330 2147 4403 ‘rite
2180 4338 2268 4405 ‘1⁰⁸0
2289 4330 2342 4384 0⁸l
2361 4329 2513 4399 mimas

582 4431 667 4486 ctum
696 4424 799 4502 filium
831 4423 896 4485 Dei
928 4428 1135 4505 ontpmtnan,
1167 4430 1202 4485 et
1229 4440 1274 4486 ex
1293 4422 1395 4487 Patre
1532 4422 1724 4489 congruens
1747 4426 1827 4472 uum
1845 4405 2092 4485 mentcdiviua,
2109 4406 2204 4475 curius
2226 4404 2346 4471 notitia
2363 4406 2397 4469 iu
2420 4425 2515 4470 crea·

585 4516 698 4572 natum
726 4517 804 4574 ante
829 4513 938 4574 onmia
960 4512 1078 4574 ηωω,
1123 4509 1231 4574 nem
1249 4509 1291 4572 a,
1312 4510 1392 4589 Μ,
1531 4489 1625 4557 tione
1644 4489 1765 4577 perrari
1781 4488 1924 4580 humato
1946 4492 2053 4559 insito
2068 4505 2132 4571 est,
2153 4491 2242 4560 sicut
2261 4491 2378 4557 notitia
2400 4512 2515 4558 uume-

582 4598 690 4659 tumen
711 4598 753 4659 de
773 4600 901 4676 rumam
923 4596 1027 4661 veum
1052 4612 1162 4660 „mm
1189 4597 1236 4660 ας
1253 4596 1325 4659 090
1342 4614 1394 4660 κ.
1531 4597 1657 4646 rorum.
1699 4576 1844 4664 ideoque
1865 4598 1999 4663 semper
2019 4593 2100 4646 uota
2121 4571 2182 4645 suit
2204 4577 2360 4645 Pettilrus
2381 4589 2416 4643 et
2437 4574 2516 4644 aliis

583 4699 638 4760 ro,
663 4688 808 4759 nendum
836 4700 902 4747 non
926 4686 1061 4763 suctum
1089 4684 1398 4747 madatanttalern·
1531 4660 1733 4743 Militis,
1761 4676 1800 4730 et
1827 4657 1894 4730 fttio
1915 4685 1961 4730 ac,
1985 4665 2047 4729 erit
2069 4666 2186 4732 emeat
2207 4665 2240 4730 in
2264 4666 2352 4732 oarrti
2373 4664 2515 4734 aeterni·

582 4768 684 4847 Μή,
714 4787 778 4850 pe,
809 4760 901 4850 m
934 4774 1047 4857 “W
1072 4774 1166 4852 [πω
1197 4775 1280 4834 ,Μ
1333 4769 1397 4845 W
1531 4760 1612 4829 tate,
1633 4770 1725 4836 quae:
1740 4751 1916 4835 praccrpit,
1948 4748 2070 4837 quoles.
2088 4772 2157 4818 uos
2176 4771 2276 4831 essa.
2300 4763 2335 4817 et
2423 4746 2519 4853 cosae

577 4862 718 4937 WWT
744 4874 805 4921 Μ*
835 4857 982 4924 lvmine!
1016 4863 1052 4921 ei
1075 4865 1215 4942 propter
1245 4862 1399 4921 nomm
1532 4854 1609 4941 θρα·
1631 4846 1774 4921 wirrici,
1798 4847 1835 4902 et
1854 4837 1992 4922 qttltlem
2003 4836 2153 4923 postulat
2172 4838 2337 4925 integram
2445 4857 2517 4941 ἔρῃ.

584 4944 722 5006 ramum
743 4950 802 5009 etc.
1531 4932 1623 5004 tram,
1645 4934 1679 4987 et
1700 4922 1834 4988 damnat
1855 4943 1923 4988 nou
1945 4935 2156 5008 praestantes
2178 4926 2342 5011 integrm
2357 4922 2518 4990 abeam.

1531 5008 1620 5087 tiam,
1652 5010 1743 5074 iuxta
1776 5005 1874 5075 illud:
1906 5008 2119 5091 Maledictus,
2153 5012 2209 5097 qui
2242 5031 2310 5078 uon
2341 5021 2453 5077 mmet
2480 5011 2516 5077 iu

584 5146 761 5232 saprade
784 5147 890 5214 trinus
911 5150 1073 5236 persana
1090 5148 1213 5214 dictum
1236 5158 1298 5213 eet
1341 5144 1405 5220 1110
1426 5166 1478 5216 η.
1532 5095 1698 5175 miuus,
1719 5098 2056 5183 caesaraeum
2076 5094 2227 5187 inlesa.

498 5235 652 5300 citandus
685 5246 739 5298 est
770 5231 939 5301 articulos:
966 5235 1009 5301 de
1036 5236 1166 5305 duabus
1188 5233 1315 5300 naturis
1336 5234 1371 5299 in
1393 5230 1479 5300 titio
1617 5230 1661 5298 Et
1681 5253 1871 5323 quarrquaan
1892 5236 2028 5302 additae
2047 5248 2133 5303 sunt
2152 5235 2395 5323 promissiones
2504 5280 2516 5316 ,

495 5317 574 5400 Dei,
599 5320 758 5387 crucifixo
780 5340 842 5407 pro
866 5319 961 5388 nobis
984 5333 1019 5386 ct
1044 5323 1255 5387 resuscitato.
1299 5318 1343 5385 Et
1368 5320 1480 5387 dicen·
1532 5328 1642 5385 tamen
1674 5320 1757 5409 quia
1774 5319 1948 5406 postutare
1976 5324 2208 5394 cunditioncm·
2222 5319 2380 5409 impletae
2398 5320 2449 5388 lic
2504 5368 2516 5402 ,

497 5406 574 5476 dum
609 5420 673 5486 est,
713 5407 882 5493 quomodo
916 5405 972 5473 lie
1004 5402 1166 5480 articulus
1199 5428 1339 5492 semper
1353 5409 1392 5473 in
1417 5405 1480 5472 Ec-
1520 5423 1606 5485 ,curu
1628 5426 1727 5473 neruo
1749 5405 1838 5497 negt
1855 5406 2055 5491 mdslaciat,
2081 5410 2149 5481 lrac
2167 5409 2415 5495 promissiones·
2433 5429 2456 5474 u
2482 5406 2516 5474 'il

497 5490 603 5560 etesia
625 5496 817 5581 propositus
839 5495 901 5574 sit,
934 5494 1031 5561 ctiam
1054 5494 1188 5561 Patrum
1209 5506 1370 5579 tempore,
1404 5513 1480 5561 can
1530 5506 1678 5579 prosunt·
1693 5495 1835 5576 aulone,
1856 5497 1921 5562 nisi
1950 5495 2034 5562 ‘tius
2056 5498 2180 5563 donata
2198 5496 2413 5568 sitrentsuo
2434 5515 2516 5583 pc·

497 5575 612 5659 Filius,
635 5583 690 5666 qui
713 5594 766 5647 est
786 5583 913 5649 actmui
929 5581 1041 5649 Patris
1051 5591 1235 5648 coamens
1250 5580 1373 5669 imago,
1395 5600 1480 5650 uou-
1532 5592 1684 5647 catorum
1704 5593 1843 5669 propter
1864 5581 1900 5649 nt
1975 5593 2092 5650 torem.
