5892 6709
467 684 534 752 aas
900 686 911 774 g
1092 678 1840 748 offirmasoanrranoorrarroa
1949 683 1952 687 ·
2088 777 2092 796 Ι
2192 689 2197 698 ·
2350 615 2493 748 ’111

471 874 618 941 omnium
650 893 718 939 urta
752 893 820 940 vox
841 873 948 938 estin
970 869 1099 958 Regum
1130 867 1292 948 consiliis,
1319 869 1455 938 Nullam
1504 870 1631 1023 petiae
1653 866 1937 958 tranquillitatem,
1960 868 1991 933 si
2014 868 2070 955 qui
2081 865 2149 949 alii,
2171 872 2489 964 maturrime.

469 961 687 1027 mutationem
721 959 979 1025 concedendam·
1003 977 1101 1038 esse,
1138 958 1344 1028 retinendam
1377 977 1455 1022 esse
1534 969 1549 1023 t
1581 953 1970 1041 umanreprcumdere
1997 954 2117 1041 impios
2150 953 2262 1023 cultus
2295 968 2331 1022 et
2361 977 2490 1043 pravas

472 1048 685 1115 concordiam
707 1044 892 1124 Ecclesiae,
913 1045 1122 1111 autoritatem
1144 1046 1333 1110 ordinariae
1361 1056 1454 1129 pote·
1505 1044 1681 1129 opiniones
1702 1041 1813 1107 coacti
1835 1052 1924 1107 sunt.
1968 1038 2012 1106 Et
2033 1042 2166 1127 quidem
2177 1041 2332 1109 Christus
2352 1042 2492 1129 prolite-

470 1136 578 1200 siatis.
1504 1141 1559 1195 tur
1581 1148 1621 1195 se
1642 1130 1815 1194 doctrinae
1835 1147 1943 1213 genus
1965 1124 2099 1193 adferre
2109 1140 2266 1215 tanquam
2283 1129 2409 1217 iguem,
2431 1130 2492 1217 qni

1505 1217 1550 1281 sit
1582 1233 1788 1281 accensurus
1820 1216 1973 1300 ingentes
1986 1215 2195 1281 discordias.
2260 1214 2413 1282 Necesse
2434 1228 2493 1284 est

562 1303 698 1376 Deinde
728 1302 854 1368 habent
886 1322 967 1368 suos
989 1300 1168 1381 Rhetores,
1200 1304 1257 1388 qni
1279 1302 1455 1372 vehemcn·
1507 1304 1593 1367 enirn
1614 1303 1758 1366 existere
1781 1300 1964 1366 certamina
1986 1302 2028 1366 dc
2051 1298 2142 1366 cultu
2163 1300 2241 1378 Dei,
2264 1304 2341 1387 qnia
2363 1301 2491 1368 Diabo-

481 1394 630 1458 tissimas
653 1392 835 1456 conciones
855 1390 889 1453 iu
907 1409 981 1453 eam
998 1388 1196 1453 sententiam
1216 1390 1336 1466 edunt,
1369 1407 1455 1473 quos
1504 1385 1564 1453 lus·
1579 1385 1674 1453 a'rdet
1695 1384 1846 1453 horribili
1867 1388 1945 1452 odio
1965 1385 2042 1466 Dei,
2064 1398 2099 1453 et
2120 1400 2277 1480 quantum
2293 1399 2412 1540 mest
2433 1389 2493 1454 de·

471 1478 633 1544 nominari
656 1495 773 1541 omnes
795 1474 879 1541 nihil
901 1494 987 1560 epus
1010 1485 1073 1539 est.
1122 1472 1245 1539 Extant
1267 1478 1353 1540 eninr
1374 1471 1457 1540 mul·
1505 1471 1575 1539 lere
1597 1476 1749 1540 verbum·
1769 1472 1834 1538 Dei
1855 1484 2016 1552 coeatur,
2051 1486 2086 1538 et
2106 1475 2274 1539 adversus
2374 1496 2407 1539 111
2428 1472 2491 1542 ho·

473 1576 582 1630 torum
605 1562 744 1647 scripta,
766 1561 835 1626 Sed
855 1582 896 1627 ex
920 1563 1072 1626 omnibus
1095 1557 1163 1625 illis
1180 1573 1340 1626 centones
1349 1580 1456 1647 nuper
1503 1562 1611 1626 mines
1633 1561 1753 1647 impiae
1773 1560 1900 1638 incitat,
1928 1578 1972 1624 ac
1993 1579 2111 1625 secum
2132 1560 2236 1625 trahit
2250 1560 2494 1627 florentissima

472 1650 604 1715 consuit
626 1646 834 1733 Omphalius.
856 1647 953 1713 luitio
977 1659 1132 1731 tanquam
1155 1643 1258 1711 Solon
1282 1647 1456 1712 autAreo·
1504 1647 1653 1733 imperia,
1676 1666 1753 1713 cunr
1773 1646 1827 1711 hle
1848 1645 2004 1729 hostibus
2026 1639 2242 1732 tangeretur
2263 1644 2436 1714 Christus.

469 1738 583 1823 pagita
605 1733 740 1819 aliquis,
762 1736 978 1800 concionatur
1000 1733 1042 1798 de
1064 1732 1194 1818 Legum
1215 1734 1386 1819 dignitate,
1407 1734 1455 1797 vi·

469 1832 603 1908 tuperat
623 1821 805 1886 seditiones
827 1830 861 1886 et
881 1817 992 1905 legum
1013 1830 1233 1898 contemtum,
1257 1839 1455 1885 commemo·
1592 1816 1705 1891 Quare
1736 1837 1813 1883 cum
1845 1837 1988 1883 necesse
2021 1818 2067 1882 sit
2097 1819 2164 1904 piis
2185 1818 2431 1905 reprehendere
2455 1831 2492 1886 et

470 1919 524 1973 rat
556 1928 656 1995 quam
680 1904 788 1972 dulcis
821 1906 993 1971 harmonia
1015 1906 1060 1970 sit
1072 1906 1197 1969 ordinis
1220 1916 1254 1971 et
1275 1904 1400 1985 εὐταξία
1420 1907 1454 1970 in
1504 1901 1641 1970 abolere
1661 1904 1779 1988 impios
1798 1901 1921 1983 cultus,
1942 1924 2012 1969 non
2031 1917 2175 1989 possunt
2196 1925 2264 1970 non
2286 1925 2366 1971 esse
2384 1917 2493 1971 muta-

410 2045 412 2047 ,
471 1990 668 2078 Republica,
691 1992 839 2078 quaml.
885 2012 923 2058 es
946 1990 1107 2056 effitiunt.
1150 1990 1280 2056 Deinde
1301 1992 1367 2057 etsi
1386 2013 1454 2057 nou
1504 1992 1629 2056 tionum
1649 2001 1785 2055 autores
1808 1988 1999 2075 Prophetae
2020 2002 2054 2055 et
2073 1987 2242 2075 Apostoli.
2291 1990 2495 2079 Quanquam

472 2082 621 2145 nominat
642 2095 768 2145 certam
790 2099 852 2164 pro
867 2079 1053 2154 essionem,
1085 2088 1196 2144 tamen
1219 2098 1305 2163 quos
1326 2079 1453 2163 praeci·
1504 2078 1605 2163 igitur
1636 2073 1773 2162 politica
1804 2078 1969 2161 sapientia
1989 2076 2149 2142 abhorret
2170 2079 2214 2143 ab
2235 2079 2311 2162 ipso
2334 2079 2492 2143 mutatio-

471 2186 538 2250 pne
559 2177 663 2250 petat,
686 2166 769 2229 satis
790 2165 953 2243 escendit,
975 2159 1168 2228 declamitat
1190 2163 1355 2230 adversus
1376 2185 1461 2245 nos,
1504 2166 1557 2229 nis
1578 2164 1722 2241 uomine,
1743 2162 1786 2226 Et
1830 2163 1864 2242 ii,
1885 2164 1943 2249 qul
1965 2174 2057 2227 certo
2076 2183 2145 2228 nou
2168 2184 2285 2229 ornnes
2297 2162 2412 2229 stolidi
2432 2177 2494 2232 aut

471 2252 529 2337 qni
551 2251 712 2337 quasdam
733 2253 925 2337 tyrannicas
948 2262 981 2315 et
1002 2249 1121 2334 impias
1143 2248 1239 2337 leges
1254 2250 1452 2316 Pontificum
1503 2248 1586 2316 fatui
1607 2260 1697 2329 sunt,
1718 2250 1786 2313 inte
1812 2250 1916 2336 ignat,
1946 2261 2102 2335 quantum
2124 2246 2354 2332 difficultatum
2378 2262 2414 2316 et
2433 2270 2494 2335 pe·

471 2339 707 2403 excussimus..
722 2336 796 2401 Etsi
816 2348 926 2402 autern
948 2355 1016 2400 non
1034 2336 1155 2422 opinor
1171 2357 1245 2402 aum
1267 2335 1355 2401 haec
1377 2358 1453 2424 gra·
1504 2333 1688 2401 riculorum
1710 2332 1865 2400 adferant
1887 2337 2105 2415 mutationes,
2125 2348 2237 2402 tamen
2260 2335 2495 2404 Christianum

471 2426 514 2489 tis
554 2426 678 2503 dicere,
710 2435 822 2488 tamen
854 2443 931 2490 cum
959 2422 1077 2488 eadem
1110 2422 1263 2487 dicantur
1295 2445 1317 2490 a
1337 2423 1450 2488 multis
1503 2433 1624 2509 pectus
1655 2419 1801 2487 antefert
1832 2422 2022 2488 mandatum
2054 2421 2131 2503 Dei,
2163 2435 2196 2488 et
2213 2422 2352 2489 excelso
2376 2425 2493 2490 auimo

476 2510 614 2575 summis
637 2520 670 2573 et
691 2506 922 2597 eloquentibus
945 2510 1038 2588 viris,
1060 2528 1129 2574 non
1150 2509 1340 2595 disputabo,
1373 2511 1453 2596 quid
1503 2509 1628 2591 excipit
1649 2528 1766 2573 omnes
1788 2504 2016 2588 difficultates,
2039 2528 2164 2595 easque
2187 2508 2344 2597 intelligit
2372 2512 2448 2661 regi
2472 2531 2495 2577 a

470 2597 533 2660 iste
556 2607 677 2682 captet.
1360 2595 1366 2608 '
1504 2587 1742 2745 Glhristo,⁸cui
1777 2596 1888 2658 omnia
1917 2596 2069 2660 subiecta
2092 2608 2188 2675 sunt,
2220 2608 2256 2663 111
2277 2599 2385 2683 inquit
2438 2617 2495 2664 ro·

1355 2727 1359 2732 -
1551 2692 1615 2747 etti.

554 2764 676 2832 Totum
696 2766 765 2832 hoc
785 2786 894 2853 genus
915 2768 1113 2832 concionum
1137 2788 1155 2831 s
1179 2778 1268 2832 eotat
1300 2768 1345 2832 ad
1366 2787 1452 2842 corr·
1502 2703 1525 2767 p
2083 2793 2090 2802 ·

469 2852 651 2918 firmandos
683 2864 856 2939 potentum
887 2855 1033 2931 animos,
1065 2872 1108 2917 ne
1136 2787 1204 2918 1111(
1226 2855 1397 2919 moderata
1419 2865 1453 2919 et
1590 2852 1684 2918 llaec
1716 2853 1863 2918 breviter
1893 2854 2096 2938 respondeo,
2127 2875 2196 2920 non
2227 2865 2295 2921 tanr
2317 2852 2495 2940 Omphalii

473 2940 529 3025 pia
552 2936 690 3004 consilia
718 2939 905 3019 audiantur,
934 2940 1066 3017 deinde,
1098 2950 1135 3004 nt
1157 2939 1347 3005 inflammati
1369 2941 1452 3005 inin·
1504 2938 1658 3017 orationi,
1690 2957 1790 3025 quern
1818 2936 1951 3005 illorum
1968 2939 2156 3027 sapientum
2179 2941 2405 3028 argumentis,
2433 2941 2496 3027 qai

474 3036 559 3090 stam
581 3027 753 3090 saevitiam
774 3034 963 3091 exerceant.
1010 3024 1076 3090 'Ut
1096 3038 1207 3091 autem
1229 3025 1341 3093 David
1361 3038 1453 3111 pete·
1502 3026 1537 3091 ic
1558 3026 1712 3091 omnibns
1747 3024 1898 3092 consiliis
1920 3028 2165 3112 concionantur
2186 3028 2229 3092 de
2250 3028 2398 3095 vitandis
2419 3049 2496 3093 ruu-

470 3111 540 3192 bat,
561 3133 604 3176 ne
628 3109 778 3177 valerent
799 3109 939 3178 consilia
970 3109 1187 3196 Achitophel,
1219 3114 1276 3178 sic*
1291 3134 1356 3179 nos
1377 3132 1452 3201 pre·
1503 3113 1697 3191 talionibus,
1719 3112 1761 3177 de
1784 3114 1975 3177 concordia.
1989 3112 2072 3178 'Etsi
2092 3125 2202 3178 autern
2220 3113 2373 3179 homines
2395 3111 2497 3180 ἄθεοι

470 3199 621 3263 cabimur
641 3196 763 3277 Deam,
787 3218 831 3263 ne
851 3198 971 3264 horum
981 3195 1164 3265 Rhetorum
1182 3198 1375 3285 eloquentia
1394 3220 1452 3265 re·
1502 3196 1592 3264 hanc
1624 3200 1878 3283 responsionem
1907 3200 2070 3281 derident,
2103 3213 2213 3264 tamen
2245 3201 2310 3285 piis
2330 3198 2415 3265 utile
2437 3213 2497 3268 eat

470 3284 601 3349 (1111111111
623 3294 657 3348 et
702 3281 820 3351 loriam
843 3283 965 3350 Christi
987 3286 1162 3370 opprimat.
1206 3285 1346 3351 Etcum
1368 3286 1452 3351 scri·
1504 3285 1721 3351 considerare
1741 3284 1828 3352 haeo
1849 3300 2057 3372 argumenta,
2077 3307 2122 3352 ue
2142 3284 2396 3372 lllasapiemiw
2412 3306 2494 3372 spe-

471 3379 564 3520 ptum
585 3370 644 3437 site
696 3392 718 3435 x
741 3390 802 3436 ore
823 3369 994 3436 infantium
1016 3383 1049 3437 et
1069 3369 1261 3438 lactehtium
1281 3369 1453 3458 perfecisti
1503 3374 1574 3437 cies
1605 3373 1773 3437 deterreat
1805 3374 1936 3437 animos
1957 3393 1979 3439 a
1999 3374 2142 3459 pietate,
2176 3385 2210 3439 et
2231 3394 2252 3438 e
2273 3370 2495 3459 professione

486 3457 615 3536 audem,
653 3458 863 3542 sperabimus
894 3455 1005 3523 Deum
1036 3477 1104 3523 nou
1138 3455 1325 3525 defuturam
1351 3460 1450 3524 nobis
1501 3458 1660 3528 veritatis.

473 3544 602 3630 (((1,
614 3540 801 3608 refutandis
812 3541 878 3609 illis
893 3540 1079 3624 calumniis,
1091 3556 1134 3611 et
1154 3546 1189 3611 111
1207 3542 1315 3633 glorie
1327 3542 1451 3612 Christi
2025 3625 2027 3632 1
2243 3591 2245 3595 .

467 3625 677 3696 illustranda.
1587 3628 1631 3696 tu
1652 3630 1744 3695 haec·
1759 3631 1872 3697 scribo
1892 3633 2033 3696 maxime
2053 3631 2283 3697 admonendae
2304 3635 2496 3703 mvaonrtts

1503 3735 1618 3782 causo„
1684 3714 1776 3801 lmpli
1804 3738 1880 3783 oum
1909 3717 1988 3783 aliis
2010 3715 2191 3798 illecebris,
2213 3720 2335 3804 opibus
2358 3733 2393 3786 et
2412 3720 2496 3789 aliis

558 3800 637 3866 Soio
659 3797 880 3886 plausibiliter
902 3800 968 3865 dici
989 3801 1032 3867 de
1052 3798 1181 3889 Legum
1203 3801 1378 3888 dignitate,
1408 3803 1451 3868 de
1502 3803 1685 3869 commodis
1724 3802 1854 3868 animos
1893 3801 2070 3870 multomm
2103 3806 2259 3891 capiunt,
2299 3819 2372 3873 tum
2405 3830 2496 3877 uero

467 3907 563 3973 pace,
586 3887 629 3953 de
651 3883 887 3973 tranquillitate
908 3888 1084 3953 communi.
1148 3888 1224 3953 Non
1251 3888 1337 3954 adeo
1357 3889 1450 3954 rudis
1502 3892 1600 3955 etiam
1622 3890 1770 3955 irretitos
1791 3902 1904 3957 tenent
1926 3888 1979 3955 his
1999 3893 2288 3977 persuasionibus,
2322 3896 2420 3980 quod
2443 3897 2496 3963 vi·
2553 3923 2565 3944 ·

467 3995 543 4040 sum
565 3972 746 4054 literarum,
770 3993 833 4039 neo
854 3974 940 4039 adeo
961 3971 1092 4039 alienus
1112 3995 1134 4042 a
1158 3972 1253 4040 civili
1273 3987 1451 4041 cousuetu-
1502 3971 1627 4041 tantiae
1648 3977 1717 4041 sint
1747 3978 1965 4057 mactiones,
2000 3980 2090 4064 quod
2112 3975 2245 4046 deceat·
2258 3977 2379 4046 favere
2401 3983 2497 4049 ordi·

467 4061 544 4127 dine
576 4060 677 4127 ritae.
743 4061 859 4127 Sentio
892 4061 992 4126 etiam
1024 4062 1058 4126 ln
1091 4060 1265 4146 republica
1285 4064 1451 4128 communi
1501 4065 1618 4150 uariae·
1646 4064 1816 4149 potestati,
1848 4065 1934 4129 tueri
1957 4076 2173 4148 praesentem
2201 4062 2340 4132 formam
2364 4066 2497 4155 Reipu-

468 4144 695 4235 tranquillitati
717 4166 758 4211 ea
780 4166 884 4212 onera
905 4147 1127 4214 condonanda
1144 4168 1234 4228 esse,
1268 4169 1355 4235 quae
1377 4151 1450 4215 sine
1499 4147 1622 4215 blieae.
1684 4148 1781 4215 llaec
1802 4160 1967 4235 quatenus
1990 4150 2159 4219 laudanda
2185 4154 2268 4234 sint,
2303 4150 2498 4224 Christiani

404 4301 406 4306 ,
467 4234 636 4383 ἱωρίοωῑῗ
668 4230 989 4385 11111111111111111111
1040 4232 1238 4381 ‘Valeantin
1261 4253 1450 4387 cogneis}
1500 4236 1944 4390 ppaeponcpdpeppnffle
1957 4236 2208 4390 plblioiscautnr
2228 4239 2329 4306 huius
2347 4262 2495 4327 praece·

490 4338 756 4399 aasenenae,
789 4343 900 4383 ποκα(
950 4343 1305 4403 (υκεμενονμμινῃ
1353 4370 1362 4388 .
1556 4344 1566 4389 1
1613 4342 1658 4388 on
1703 4343 1725 4387 a
1803 4342 1821 4386 s
1918 4343 1937 4389 s
1993 4343 2098 4391 renos.

468 4406 557 4490 quod
578 4403 676 4472 Plato
699 4405 798 4482 dixit·
817 4418 855 4471 ut
877 4402 972 4471 deliri
992 4407 1111 4492 patris,
1130 4405 1190 4472 11(
1213 4409 1340 4492 patriae
1363 4410 1450 4475 desi·
1499 4344 1522 4408 p
2107 4420 2109 4424 ’

466 4492 587 4577 pientia
609 4511 721 4557 mores
743 4490 938 4557 tolerandos
956 4512 1045 4558 esse.
1099 4491 1207 4560 Recte
1226 4496 1293 4560 ista
1314 4496 1348 4560 in
1369 4493 1448 4562 loco
1587 4493 1698 4561 Doleo
1727 4499 1891 4582 quosdam
1924 4494 2165 4565 excellentibus
2186 4500 2330 4587 ingeniis
2353 4505 2494 4588 praedi·

468 4578 634 4656 dicuntur,
654 4580 696 4643 de
718 4576 871 4644 civilibus
889 4581 1059 4657 oneribus,
1082 4600 1169 4664 quae
1191 4582 1265 4646 sine
1286 4582 1328 4646 im
1353 4583 1450 4647 ietate
1500 4591 1556 4647 tos
1578 4601 1660 4647 cous
1697 4603 1772 4650 rare
1794 4604 1868 4649 oum
1890 4584 2015 4669 impiis,
2049 4605 2090 4661 ec
2121 4583 2215 4651 faces
2236 4604 2314 4651 esse
2337 4587 2384 4651 ad
2404 4591 2495 4658 inci·

467 4660 664 4741 tolerantur,
697 4666 759 4731 sed
791 4662 877 4730 haec
898 4661 1111 4751 philosophia
1138 4685 1206 4733 uon
1228 4602 1450 4733 transiretur
1499 4670 1621 4734 tandos
1679 4687 1761 4757 eges
1782 4671 1825 4735 ad
1857 4668 2095 4756 crudelitatem,
2129 4683 2162 4739 et
2183 4674 2226 4738 ad
2246 4672 2494 4760 stabiliendam

470 4751 515 4816 ad
537 4750 742 4817 obruendam
763 4749 904 4838 gloriam
925 4748 1003 4818 Dei.
1047 4750 1232 4819 Doctrinae
1243 4774 1394 4833 errores,
1414 4766 1449 4820 et
1492 4756 1709 4842 impietatem.
1763 4753 1826 4821 llla
1852 4757 1905 4822 est
1926 4759 2032 4823 virtus
2059 4759 2160 4842 digna
2176 4779 2230 4823 ma
2255 4761 2307 4824 nis
2328 4772 2365 4825 et
2387 4783 2494 4847 prae·

467 4833 658 4903 idololatria
695 4855 905 4924 nequaquam
940 4837 1143 4905 dissimulari
1174 4841 1319 4922 debent,
1362 4841 1449 4907 sicut
1470 4850 1477 4891 ¹
1500 4844 1668 4908 stantibus
1690 4843 1807 4923 viris,'
1822 4845 2001 4929 praecipue
2018 4846 2061 4910 od
2083 4843 2217 4911 laudem
2273 4846 2304 4910 el
2326 4843 2493 4916 conferre

465 4921 621 4990 Christus
654 4923 774 5008 inquitr
802 4924 840 4989 Si
867 4926 942 5010 quis
964 4928 1136 5013 negaverit
1153 4947 1217 5006 rue,
1239 4924 1448 4993 confundam
1499 4928 1701 4993 industriam·
1718 4939 1819 5015 atque
1840 4932 2060 4998 autoritatem·
2127 4931 2191 5002 llic
2211 4950 2339 5017 scopus
2361 4955 2492 5021 propo·

465 5028 552 5076 eum.
618 5007 766 5076 Primum
800 5010 1042 5097 Praeceptumz
1076 5012 1151 5079 Nou
1179 5014 1320 5080 habebis
1352 5012 1447 5080 Deos
1500 5016 1584 5081 situs
1617 5033 1696 5081 esse
1728 5017 1828 5082 debat
1860 5017 2026 5098 omnibus,
2060 5028 2098 5083 111
2130 5039 2192 5084 suo
2225 5021 2370 5106 quisque
2393 5017 2492 5105 loco,

463 5093 607 5178 alienos,
628 5093 731 5183 longe
752 5094 1004 5166 anteferendum
1026 5111 1079 5165 est
1101 5103 1254 5180 omnibus
1265 5103 1367 5167 rebus
1388 5099 1449 5167 hu·
1498 5111 1657 5189 quantuor
1677 5113 1799 5187 potest,
1822 5101 1972 5188 conferat
1994 5101 2119 5192 aliquid
2142 5125 2265 5191 operae
2287 5107 2331 5169 ad
2344 5126 2491 5176 conser-

464 5186 585 5265 marris,
605 5181 640 5249 le
666 5184 741 5249 'bus
762 5180 943 5264 hominurn,
964 5187 1122 5274 imperiis,
1145 5188 1333 5275 ordinariae
1353 5199 1447 5273 pote·
1498 5188 1667 5255 rationem
1689 5186 1846 5255 coelestis
1869 5191 2052 5256 doctrinae.
2117 5190 2172 5257 De
2204 5189 2279 5257 aliis
2312 5191 2492 5263 Parasita·

464 5271 554 5351 stati,
576 5291 664 5357 paor,
686 5270 825 5357 patriae,
848 5274 1059 5340 concordiae.
1103 5273 1164 5339 llis
1187 5275 1376 5342 nominibus
1398 5275 1447 5341 ui-
1498 5276 1578 5340 stris
1609 5276 1740 5360 partis,
1767 5277 1824 5361 qui
1856 5278 2008 5363 ecn‘bunt
2034 5276 2303 5365 Sycophanticos
2332 5277 2489 5362 libellos,

464 5352 513 5421 hil
531 5368 583 5424 est
605 5359 796 5447 augustius,
820 5358 881 5423 sed
903 5369 1014 5424 tamen
1037 5358 1292 5429 anteferendum
1314 5372 1448 5428 estmo-
1497 5358 1664 5427 hocloco
1686 5383 1754 5427 non
1777 5363 1895 5442 dicam,
1918 5366 1974 5450 qui
1996 5377 2074 5429 sunt
2096 5384 2138 5428 ex
2159 5361 2218 5429 illo
2241 5385 2368 5453 genere
2394 5367 2487 5433 roiri-

463 5459 541 5510 tnan
562 5443 638 5511 Dei·
973 5461 976 5466 ⁴
1059 5469 1074 5482 ··
1497 5471 1579 5527 rur,
1607 5445 1725 5534 quales
1747 5445 1858 5514 alebat
1879 5447 1967 5515 Diorr
1992 5451 2063 5516 sios
2086 5450 2234 5532 Siculae,
2267 5454 2324 5539 qui
2347 5468 2488 5539 sputum

964 5563 984 5620 χ
1021 5549 1077 5564 ··’
1116 5595 1121 5600 ,
1497 5532 1644 5621 Tyranni
1666 5535 1886 5620 excipiebant,
1908 5556 1950 5603 ao
1969 5471 2146 5625 lingebant
2166 5529 2402 5625 praedicantes
2427 5562 2487 5609 ne·

550 5613 753 5701 Prophetae,
783 5614 950 5704 Apostoli,
981 5613 1080 5685 ’11111111
1112 5618 1213 5686 dubia
1243 5619 1448 5705 patrimae
1498 5619 1743 5690 concretarum
1763 5639 1853 5689 esse.
2033 5649 2036 5654 ·
2145 5643 2148 5648 ·
