5892 6709
466 624 531 729 a

466 829 556 900 haec
576 831 683 916 ipsam
705 834 750 897 ob
768 850 906 897 causam
927 835 1087 897 immense
1107 789 1334 898 misericordia
1354 845 1444 917 pate-

467 913 549 982 fecit
563 913 659 982 Deus
680 919 933 1003 promissionem
955 919 997 982 de
1014 917 1142 996 Gratia,
1164 930 1198 983 et
1218 920 1375 1002 imputate
1397 921 1444 982 iu·

467 1003 559 1076 satia
580 1017 716 1153 propter
736 1004 886 1068 meritum
908 1001 981 1068 lilii
1001 1002 1208 1070 Mediatoris.
1274 1004 1316 1068 Et
1348 1002 1445 1068 simul

1098 642 1212 710 PlllL
1233 642 1338 711 bilih-
1360 641 1549 712 scetere
1566 642 1835 712 DOGMATICA

1498 834 1560 911 tia,
1589 852 1675 918 quae
1700 829 1916 917 praelucente
1944 828 2010 897 fide
2036 842 2231 917 praestatur
2258 830 2351 911 Deo,
2386 833 2490 900 iuxta.

1497 920 1608 984 omnia
1627 920 1794 996 mandate,
1815 919 1866 982 sic
1886 929 1923 982 ut
1944 939 2004 983 cor
2025 915 2166 984 laetetur
2186 919 2220 982 in
2241 915 2328 983 Deo.
2486 933 2491 940 ·

466 1085 506 1156 fit
526 1090 582 1154 inc
607 1087 699 1154 catio
717 1090 924 1155 obedientiae
946 1086 1347 1155 seuconsonnitatiscum
1357 1088 1444 1169 Deo,
1514 1126 1518 1135 ·

466 1174 559 1240 iuxta
580 1175 703 1240 dictum
723 1174 755 1238 2.
774 1174 853 1241 Cor.
875 1173 908 1239 3.
942 1174 1229 1240 Transformemur
1249 1178 1283 1240 in
1306 1178 1444 1241 eandem

466 1258 655 1347 lmegirrem,
678 1273 835 1346 tauquam
856 1281 878 1326 a
898 1256 1032 1326 Domini
1054 1261 1189 1345 Spiritu.

744 1588 797 1673 V.
842 1588 1157 1712 Argumentum
1260 1551 1264 1560 ἱ

515 1811 639 1894 ‘Deus
669 1812 871 1914 iustificat,

524 1929 638 2013 Deus
670 1943 733 2013 est
763 1930 935 2033 dileetio,

524 2049 633 2161 Ergo
664 2050 825 2131 dilectio
855 2050 1053 2168 iustificat.

551 2228 765 2314 Respondeo.
810 2228 968 2294 Concedo
990 2242 1112 2307 toturn,
1141 2232 1170 2293 si
1192 2231 1265 2295 sine
1287 2231 1445 2315 ambigui·

465 2327 535 2380 tate
561 2328 792 2402 argumentum
822 2314 1033 2400 intelligatur.
1084 2315 1180 2379 Deus
1215 2329 1267 2380 est
1300 2314 1445 2394 dilectio,

466 2401 606 2478 scilicet,
630 2424 695 2487 qua
714 2424 776 2466 nos
795 2399 909 2486 diligit,
932 2403 1044 2479 idest,
1067 2415 1118 2465 est
1142 2404 1287 2466 essentia
1306 2422 1386 2466 vere
1403 2423 1444 2465 ec

465 2490 555 2552 serio
574 2486 715 2572 diligens
736 2487 887 2550 homiues
909 2502 1045 2570 propter
1068 2484 1194 2550 Filium.
1227 2487 1269 2551 Et
1291 2486 1376 2550 haec
1399 2488 1445 2550 di·

464 2569 577 2650 lectio,
599 2594 663 2657 qua
677 2574 768 2636 Deus
785 2592 848 2635 nos
867 2569 971 2656 diligit
989 2585 1128 2654 propter
1137 2571 1266 2649 Filium,
1279 2572 1444 2636 iustificat.

465 2657 573 2721 Huius
595 2659 833 2742 propositionis
867 2654 1063 2721 correlative
1085 2670 1152 2720 θεῖε
1182 2659 1261 2721 Fide
1288 2660 1444 2721 iustitiae·

465 2765 550 2820 mur,
573 2744 603 2805 id
629 2756 692 2820 θεῖ,
710 2742 774 2806 hac
798 2741 875 2816 fide,
898 2763 964 2827 qua
985 2744 1200 2827 agnoscimus
1217 2756 1249 2805 et
1269 2746 1444 2807 statuimus

465 2848 530 2892 nos
553 2826 642 2913 diligi
664 2840 799 2913 propter
811 2826 937 2891 Filium.
972 2828 1165 2892 Adversarii
1187 2850 1268 2893 vero
1288 2850 1328 2891 co
1353 2831 1443 2906 itant,

464 2934 529 2978 uos
550 2915 657 2980 iustos
677 2935 753 2978 esse
775 2912 961 2997 dilectione,
980 2935 1045 2998 que
1067 2913 1166 2978 bomo
1196 2912 1302 3001 diligit
1358 2936 1442 2979 eum.

703 3242 807 3348 vt.
839 3241 1153 3353 Argumentum.

524 3429 711 3536 Virtutes
772 3460 854 3511 non
908 3441 1005 3513 sunt
1058 3430 1380 3536 confundendae,

584 3578 678 3631 cum
693 3548 842 3630 Paulus
864 3550 1081 3632 discernat:
1113 3551 1243 3653 Fides,
1269 3550 1380 3662 SpeS,

582 3667 768 3771 Dilectio,
799 3669 876 3750 tria
906 3673 1026 3772 haec,
1058 3670 1132 3751 sed
1160 3671 1290 3752 maior
1318 3672 1380 3754 in·

581 3800 646 3870 ter
675 3788 749 3869 has
779 3788 992 3891 Dilectiq-

521 3907 690 3995 Fiducia
720 3921 783 3989 θεῖ
813 3908 919 3990 actio
950 3937 1023 3989 seu
1054 3920 1168 3989 actus
1199 3910 1295 4019 spei,

522 4027 631 4139 Ergo
661 4027 810 4109 fiducia
841 4041 903 4109 θεῖ
934 4028 1197 4110 discernenda
1228 4058 1253 4110 e
1283 4029 1394 4111 Fide.
1438 4092 1446 4114 .

548 4242 751 4325 Respondeo
774 4243 817 4306 ad
838 4242 1007 4306 maiorem.
1052 4242 1177 4306 Verum
1201 4254 1271 4320 est,
1301 4245 1441 4307 virtutes

463 4348 530 4395 non
553 4348 632 4393 esse
655 4326 918 4405 confundendas,
940 4329 1001 4391 sed
1020 4340 1111 4391 recte
1133 4325 1348 4411 intelligenda
1364 4341 1442 4394 sunt

465 4415 663 4480 discrimina.
701 4414 786 4477 Nam
803 4414 902 4477 Fides
924 4435 991 4476 non
1014 4425 1065 4476 est
1087 4425 1211 4476 tanturn
1235 4416 1360 4492 notitia,
1382 4417 1442 4479 sed

463 4514 517 4566 est
549 4497 647 4563 sirnul
676 4501 832 4563 assentiri
860 4501 1089 4583 promissioni,
1118 4501 1151 4561 in
1175 4520 1239 4582 que
1262 4499 1442 4564 offeruntur

462 4587 615 4651 remissio
638 4597 863 4668 peccatorum,
882 4583 1119 4661 reconciliatio,
1143 4583 1276 4648 donatio
1300 4586 1441 4667 Spiritus

462 4672 574 4735 sancti
596 4682 629 4735 et
646 4673 734 4735 vitae
749 4683 915 4735 aeternae.
944 4670 986 4734 Et
1008 4682 1061 4735 est
1082 4669 1202 4733 fiducie
1222 4672 1440 4755 acquiescens
1461 4645 1467 4742 Ι

1748 1227 1840 1329 Vli
1902 1244 2218 1356 Argumentum.

1556 1433 1666 1517 Mala
1697 1462 1820 1544 opera
1851 1433 2058 1516 damnent.

1556 1553 1664 1665 Ergo
1705 1555 1814 1635 bona
1855 1553 2031 1657 salvant,
2077 1552 2172 1663 quie
2217 1554 2417 1639 contrarie
2464 1572 2467 1576 '
2575 1553 2580 1562 ’

1616 1674 1772 1755 habent
1802 1673 2022 1754 contrarios
2054 1673 2233 1755 effectus.

1583 1852 1797 1937 Respondeo.
1842 1850 2029 1931 Contraria,
2051 1856 2080 1917 si
2103 1856 2170 1917 sint
2191 1856 2313 1938 pariter
2334 1854 2477 1939 integra,

1495 1938 1620 2003 habent
1644 1939 1832 2002 contrarios
1858 1938 2006 2004 effectus.
2059 1938 2127 2002 Sed
2150 1937 2236 2003 mele
2269 1960 2371 2023 opera
2399 1951 2478 2005 sunt

1496 2027 1624 2108 integre
1646 2022 1743 2101 nrala,
1766 2026 1855 2171 quod
1879 2025 1920 2086 de
1942 2045 2009 2087 non
2031 2027 2155 2088 renatis
2178 2025 2389 2089 rnanilcstum
2413 2037 2476 2089 est.

1417 2159 1419 2163 .
1496 2110 1581 2173 Nam
1601 2111 1698 2172 etiarn
1720 2111 1776 2172 in.
1798 2110 1912 2173 ristide
1936 2123 1968 2172 et
1980 2111 2138 2194 Scipione
2160 2123 2237 2175 sunt
2258 2114 2477 2196 magnaevir·
2546 2177 2548 2181 ,

1496 2207 1596 2271 tutes,
1620 2196 1697 2279 quia
1720 2196 1782 2258 nisi
1806 2206 1897 2259 esset
1926 2192 2111 2279 aliquorum
2136 2199 2393 2281 gubernatorum
2422 2217 2477 2262 ex·

1497 2278 1623 2343 cellens
1646 2281 1752 2344 virtus
1782 2292 1815 2345 et
1833 2281 2014 2363 sapientia,
2042 2302 2108 2343 non
2136 2293 2252 2366 posset
2280 2279 2478 2347 conservari

1495 2364 1638 2429 humane
1660 2368 1825 2429 societas:
1849 2366 1975 2429 Tamen
1996 2364 2058 2428 bae
2082 2369 2221 2432 virtutes
2239 2388 2306 2432 non
2324 2378 2402 2432 snnt
2418 2368 2477 2432 im'·

1495 2449 1595 2536 pletio
1618 2450 1732 2529 Levis,
1755 2463 1888 2515 manent
1916 2452 1949 2514 in
1977 2452 2078 2515 corde
2100 2455 2259 2516 tenebrae
2270 2453 2323 2516 -de
2345 2452 2421 2516 Deo
2445 2463 2477 2517 et

1496 2539 1537 2600 de
1560 2536 1585 2597 F
1587 2536 1643 2599 ilio
1665 2501 1741 2614 het,
1765 2538 1988 2602 dubitationes
2011 2548 2044 2599 θῖ
2064 2535 2222 2602 horrendi
2243 2537 2397 2602 fremitus
2419 2538 2476 2601 ad·

1497 2621 1748 2686 versnsDeum.
1781 2622 1913 2686 Deinde
1935 2621 2143 2687 manifestum
2167 2634 2230 2699 est,
2253 2625 2352 2689 etiam
2373 2625 2409 2687 in
2424 2642 2476 2688 re·

1496 2709 1596 2785 natis,
1620 2727 1805 2792 quanquam
1829 2722 1881 2772 est
1897 2709 1929 2771 in
1954 2711 2002 2772 eis
2024 2706 2179 2772 inchoata
2204 2710 2403 2787 obedientie,
2426 2718 2474 2772 ta·

1495 2814 1571 2856 men
1593 2813 1660 2857 non
1691 2813 1768 2855 esse
1796 2795 1958 2857 intectam
1986 2793 2087 2878 Legis
2115 2792 2349 2875 impletionem.
2394 2794 2473 2857 ldeo

1496 2880 1614 2941 dicitur
1635 2881 1669 2941 in
1691 2876 1842 2942 Psalmo:
1865 2846 1945 2941 ivon
1973 2879 2203 2943 iustificabitur
2229 2881 2263 2942 in
2291 2891 2475 2961 conspectu

1494 2975 1551 3027 tuo
1576 2966 1682 3027 omnis
1702 2965 1828 3027 vivens.
1862 2964 1905 3027 Et
1922 2965 1979 3028 lob
1997 2986 2069 3048 cap.
2087 2966 2118 3028 9.
2136 2968 2167 3029 in
2193 2966 2258 3028 uit:
2282 2964 2372 3029 Vere
2389 2967 2474 3042 scio,

1495 3050 1583 3132 quod
1607 3070 1672 3112 non
1696 3048 1892 3113 iustificetur
1913 3048 2013 3112 borno
2038 3072 2150 3114 corern
2208 3071 2260 3115 eo.
2304 3048 2388 3114 Cum
2414 3050 2474 3134 igi·

1493 3146 1548 3197 tur
1564 3137 1688 3197 nonsit
1706 3136 1836 3218 integra
1856 3137 2053 3213 obedientia,
2076 3156 2143 3199 non
2163 3128 2251 3200 volet
2269 3155 2474 3219 consequen·

1495 3221 1556 3282 tia:
1580 3218 1670 3283 Mela
1688 3240 1791 3304 opere
1809 3221 1975 3299 damnent,
1995 3220 2086 3306 Ergo
2106 3224 2194 3285 bone
2212 3241 2315 3305 opera
2331 3219 2473 3298 salvant,

1517 3306 1572 3367 uie
1594 3307 1763 3369 contraria
1785 3327 1852 3369 non
1875 3318 1952 3371 sunt
1975 3304 2140 3390 aequalia.
2184 3305 2277 3371 Haec
2300 3305 2474 3372 antithesis

1493 3326 1638 3454 iilustret
1661 3392 1857 3456 beneficium
1880 3390 2015 3469 Christi,
2039 3395 2093 3475 qui
2116 3393 2198 3478 tegit
2219 3390 2375 3477 reliquias
2397 3411 2474 3476 pec·

1494 3477 1557 3539 cati
1581 3477 1612 3539 in
1636 3480 1775 3555 renatis,
1797 3479 1888 3542 iuxta
1910 3480 2048 3542 dictumz
2082 3478 2176 3542 Beati
2199 3499 2338 3563 quorum
2361 3479 2490 3542 remis.

1492 3581 1552 3625 sae
1574 3574 1652 3624 sunt
1679 3564 1866 3665 iniquitates
1891 3576 1925 3628 et
1947 3585 2087 3648 quorum
2109 3576 2195 3628 tecte
2217 3575 2294 3628 sunt
2323 3575 2476 3647 peccata,

1492 3646 1525 3710 id
1548 3658 1611 3724 est,
1634 3659 1740 3711 renati
1763 3647 1895 3730 placent
1916 3663 2053 3734 propter
2063 3648 2282 3715 Mediatorem
2305 3653 2383 3728 lide,
2406 3671 2477 3715 non

1491 3743 1630 3814 propter
1647 3734 1815 3816 propriam
1828 3736 2031 3820 dIgnitatem,
2074 3737 2129 3799 uia
2148 3735 2304 3800 inchoate
2317 3736 2475 3803 obedien·

1492 3820 1537 3881 tie
1559 3816 1667 3882 adhuc
1689 3817 1807 3902 procul
1828 3823 1927 3886 abest
1948 3844 1969 3886 a
1990 3758 2192 3902 perieouone
2213 3822 2326 3907 Legis.

1753 4166 1863 4249 VIII.
1895 4167 2209 4278 Argumentum.

1553 4354 1802 4498 Impossibile
1835 4401 1897 4470 θεῖ
1916 4419 2034 4471 nosse
2056 4392 2309 4473 voluntatem
2332 4394 2413 4475 Dei

1613 4538 1709 4618 erga
1739 4539 1824 4612 nos,
1856 4510 1970 4591 iuxta
1991 4511 2162 4592 dictum:
2196 4510 2296 4613 Quis
2312 4542 2410 4596 con-

1613 4629 1778 4710 silianus
1810 4629 1895 4709 eius
1925 4628 2026 4714 suit‘i

461 4758 497 4822 in
524 4755 600 4821 Deo
627 4766 765 4841 propter
791 4757 1025 4835 Mediatorem,
1065 4758 1229 4820 accedens
1256 4758 1299 4819 ed
1320 4756 1440 4835 Deum,
1553 4743 1728 4829 Credere
1776 4748 1887 4855 quod
1930 4750 2082 4831 habeas
2134 4735 2411 4836 remissionem

442 4853 497 4907 et
535 4843 726 4907 accendens
773 4843 1031 4921 invocationem,
1076 4852 1109 4905 et
1147 4841 1296 4906 clemens
1342 4843 1441 4907 Abba

461 4927 574 4993 Pater.
617 4927 660 4991 Et
686 4929 761 5012 quie
783 4929 882 4993 Fides
910 4928 1157 5012 inpraesentia
1184 4928 1305 5010 accipit
1327 4929 1440 4991 remis·

436 5013 590 5078 sionem
611 5024 825 5097 peccatorum
852 5012 1232 5106 et,reconciliationem,
1259 5024 1291 5077 et
1318 5013 1439 5078 fiducia

461 5100 651 5185 praesentis
674 5098 835 5163 beneficii.
870 5099 938 5164 Sed
960 5101 1039 5184 spes
1062 5112 1115 5163 est
1137 5113 1228 5164 certa
1251 5102 1438 5183 expectatio

461 5187 550 5250 vitae
571 5195 746 5262 aeternae,
768 5185 873 5269 gratis
896 5186 1025 5250 dandae
1051 5198 1189 5269 propter
1209 5184 1438 5263 biediatorem,

461 5282 495 5335 et
506 5282 560 5336 est
576 5272 763 5352 expectatio
774 5270 986 5355 mitigationis
1004 5290 1185 5353 poenarum
1204 5269 1438 5355 corporalium,

459 5357 550 5421 iuxta
571 5355 776 5422 voluntatem
798 5354 873 5420 Dei.
917 5353 1000 5420 Curn
1023 5358 1123 5443 igitur
1149 5357 1270 5421 fiducie
1292 5358 1438 5421 nomina·

460 5452 515 5507 tur
534 5452 633 5508 ectus
654 5445 738 5529 spei,
760 5440 955 5528 intelligitur
967 5442 1103 5508 Fiducia
1123 5439 1254 5512 futurae
1270 5441 1438 5508 liberatio·

459 5527 608 5614 nissaeu
628 5525 758 5598 futurae
778 5529 1005 5617 mitigationis.
1038 5526 1184 5595 Dilectio
1206 5540 1259 5594 est
1281 5531 1437 5594 obedien·

1610 4879 1880 4977 peccatorum,
1912 4881 1974 4950 θεῖ
2000 4869 2151 4978 aliquid
2179 4901 2411 4956 asseverare

1611 4999 1653 5067 θῖ
1678 4986 1878 5069 affirmare
1901 4988 1953 5069 de
1977 4989 2186 5073 voluntate
2210 4991 2288 5073 Dei
2312 5022 2410 5105 erge

1609 5135 1694 5208 noe,

1549 5224 1664 5307 Haec
1685 5225 1809 5335 igitur
1828 5224 2043 5341 affirmatio
2060 5230 2122 5312 θεῖ
2142 5230 2408 5342 impossibilis.

1576 5442 1786 5528 Respondeo.
1838 5444 1929 5510 Haec
1951 5448 2025 5530 ipse
2048 5448 2237 5533 imaginatio
2265 5447 2596 5514 Academicr‘

1489 5548 1552 5594 seu
1582 5528 1768 5616 Pyrrhonia
1800 5533 1943 5597 omnium
1973 5531 2142 5598 hominurn
2180 5545 2309 5599 mentes
2343 5536 2512 5600 turbata
