5892 6709
467 662 533 728 ere
926 638 928 641 ’
1074 659 1188 729 run.
1208 659 1311 727 nan.
1333 658 1523 728 sonrrrn
1543 627 1823 726 noormr'ron.
2419 655 2488 722 om
2565 751 2568 757 ¹

469 862 571 917 tatem
589 861 623 917 et
644 870 826 937 personam
846 851 1000 929 missam,
1029 851 1107 916 inde
1127 871 1195 916 non
1278 849 1383 929 uitur,
1415 852 1449 918 in
1503 861 1557 915 tur
1577 845 1681 913 Filius
1703 847 1852 914 Verbum
1870 848 1976 928 vitae,
2010 846 2089 932 quia
2108 844 2233 912 missus
2260 855 2329 926 est,
2361 855 2399 912 ιιι
2420 864 2487 912 nos

469 957 616 1021 persona
637 940 741 1004 missa
763 957 829 1002 non
853 956 930 1002 esse
952 939 1036 1002 duas
1058 950 1209 1003 naturas.
1285 957 1328 1002 ac
1350 937 1450 1022 igitur
1502 935 1658 1003 vivificet.

471 1022 697 1089 Grammatica
719 1022 860 1110 Syntaxi
888 1034 979 1088 utor:
1023 1022 1116 1088 llaec
1138 1034 1191 1088 est
1211 1023 1280 1088 vita
1301 1035 1450 1102 aeterna,

423 1188 425 1190 ¹
468 1121 504 1175 ιιι
526 1121 737 1213 cognoscant
758 1120 792 1173 te
812 1107 922 1174 solum
943 1128 1057 1175 verum
1069 1108 1177 1174 Deum
1200 1127 1288 1187 esse,
1305 1122 1339 1173 te
1361 1105 1450 1174 scili·

470 1204 525 1260 cet
546 1207 745 1274 mittentem,
778 1205 811 1259 et
837 1193 927 1259 hunc
954 1193 1079 1275 lesum,
1111 1214 1208 1281 quem
1230 1195 1348 1259 misisti
1371 1214 1450 1259 esse

467 1278 638 1362 messiam,
661 1279 892 1361 narratorem,
915 1279 1160 1361 redemtorem,
1184 1278 1448 1359 ersnvaorem,
1532 1264 1810 1369 SEQUITUR
1854 1261 2218 1349 VOCABULUM
2247 1261 2454 1349 IMAGO.

469 1364 679 1453 colligentem
699 1364 898 1433 Ecclesiam.

1589 1531 1798 1602 Vocabulum
1820 1531 1967 1597 llllAGO
1990 1544 2081 1599 extat
2090 1533 2123 1597 in
2134 1528 2287 1618 Epistola
2298 1533 2341 1598 ad
2357 1530 2487 1597 librae·

1502 1640 1553 1691 os,
1576 1621 1793 1686 ubidicitur:
1826 1616 1948 1698 Filius,
1971 1640 2032 1705 per
2053 1639 2150 1705 quem
2172 1617 2290 1684 secula
2310 1617 2408 1699 iecit,
2431 1629 2488 1684 est

487 1695 563 1782 DE
576 1721 579 1730 '
592 1694 1122 1783 APPELLATIONIBUS
1152 1697 1282 1782 FILII
1311 1696 1418 1780 DEI,
1502 1729 1519 1769 s
1544 1702 1662 1772 lentior
1683 1707 1770 1771 lucis
1792 1719 1826 1772 et
1848 1706 1958 1790 imago
1982 1707 2189 1770 substantiae
2210 1698 2338 1770 aeterni
2360 1703 2487 1770 Patris.

1162 1805 1164 1810 '
1502 1729 1565 1857 llic
1588 1789 1684 1859 locus
1706 1806 1740 1857 et
1763 1794 1805 1857 de
1826 1792 1938 1856 divina
1955 1805 2075 1856 natura
2102 1792 2134 1857 in
2157 1789 2293 1856 Christo
2316 1801 2370 1856 cst
2391 1793 2487 1856 testi·

471 1871 483 1946 '.
1502 1879 1665 1956 monium,
1698 1880 1775 1964 quia
1796 1897 1958 1963 expresse
1980 1878 2110 1956 dieitur,
2134 1878 2291 1942 mundum
2311 1898 2373 1963 per
2394 1875 2488 1944 hunc

553 1965 653 2052 Apud
663 1965 910 2034 Nazianzenum
931 1966 964 2030 in
975 1962 1042 2030 fine
1052 1966 1219 2031 secundae
1236 1965 1396 2030 orationis
1408 1965 1450 2029 de
1502 1962 1619 2028 Filium
1642 1966 1808 2029 conditum
1831 1985 1920 2042 esse,
1944 1977 1977 2028 et
1997 1984 2058 2049 per
2079 1985 2152 2028 conr
2177 1963 2383 2029 conservari.
2405 1963 2486 2030 Non

466 2047 535 2116 lilio
556 2049 622 2117 Dei
644 2063 735 2116 extat
754 2052 867 2116 brevis
890 2048 1071 2116 declaratio
1094 2047 1363 2137 appellationum.
1397 2049 1450 2115 Fi·
1502 2063 1555 2114 εει
1577 2062 1685 2116 antem
1709 2052 1863 2116 conditus
1886 2050 2027 2115 mundus
2050 2071 2111 2135 per
2132 2050 2309 2116 humanam
2320 2061 2487 2129 naturam,

466 2134 532 2202 lius
564 2137 755 2225 unigenitus
788 2138 923 2216 dicitnr,
955 2148 992 2201 ut
1014 2138 1246 2202 discernantur
1268 2158 1289 2201 a
1311 2135 1448 2202 Christo
1501 2133 1561 2200 suit
1595 2138 1694 2222 igitur
1714 2149 1834 2203 natura
1855 2136 2018 2201 conditrix
2041 2148 2075 2201 et
2097 2136 2330 2201 conservatrix
2358 2135 2485 2216 mnndi,

466 2221 526 2288 filii
548 2224 748 2306 adoptionis.
782 2220 910 2288 Unicus
933 2233 1042 2288 antem
1065 2220 1228 2288 estFilius
1247 2225 1449 2308 unigenitus,
1501 2244 1587 2308 quae
1607 2235 1728 2307 postea
1748 2235 1802 2287 est
1823 2224 1854 2286 in
1869 2220 2004 2287 Christo
2027 2234 2105 2287 nato
2123 2244 2166 2287 ex
2188 2222 2328 2309 virgine,
2351 2222 2487 2289 ethanc

488 2310 523 2374 ui
546 2321 599 2375 est
622 2309 664 2373 de
685 2306 962 2387 essentiaPatris,
983 2306 1132 2374 Deusde
1147 2308 1235 2387 Deo,
1255 2308 1383 2374 Lumen
1407 2311 1448 2374 de
1502 2311 1647 2373 nominat
1671 2307 1883 2394 splendorem
1907 2306 2047 2394 gloriae,
2070 2309 2184 2390 idest,
2206 2305 2486 2394 lucispaternae,

465 2330 616 2461 iunior.
661 2395 728 2460 Sed
752 2395 905 2460 homines
928 2393 1035 2460 renati
1057 2395 1268 2461 nominantur
1289 2392 1344 2459 lilii
1360 2397 1448 2460 ado·
1499 2397 1586 2460 siout
1610 2392 1804 2481 Symbolum
1837 2396 1955 2481 inquit:
1999 2393 2128 2460 Lumen
2161 2396 2204 2459 de
2234 2393 2385 2460 Lumine.
2431 2395 2485 2460 Ac

465 2482 599 2566 ptionis,
622 2482 701 2566 quia
723 2492 861 2566 propter
876 2482 1080 2567 unigenitum
1103 2478 1296 2569 diliguntur,
1320 2483 1376 2567 qni
1398 2480 1446 2546 fa·
1499 2482 1528 2544 sl
1555 2480 1741 2545 nilicantins
1759 2482 1825 2545 hoc
1846 2481 1978 2545 Graece
2001 2481 2121 2545 dicitur
2141 2479 2339 2564 ἀπαύγασμα,
2360 2481 2395 2545 id
2418 2493 2484 2560 est,

466 2578 542 2633 ctus
564 2577 617 2632 est
637 2563 743 2632 frater
763 2579 879 2631 noster
899 2579 1048 2632 assumta
1069 2567 1213 2633 bumana
1241 2580 1377 2645 natura,
1411 2580 1447 2632 ut
1499 2503 1611 2653 frigor
1631 2588 1652 2630 a
1676 2566 1779 2645 Lace,
1802 2580 1834 2630 et
1856 2581 1908 2632 εει
1930 2570 2040 2653 imago
2061 2567 2286 2645 substantiae,
2319 2567 2413 2653 qrria,
2447 2576 2486 2631 ut

465 2672 529 2718 nos
562 2652 711 2717 vicissim
739 2651 947 2717 ellic'cremur
978 2651 1102 2719 fratres
1135 2654 1257 2738 ipsius,
1290 2649 1457 2720 videlicet
1499 2673 1593 2717 urens
1626 2654 1660 2717 in
1693 2651 1825 2718 homine
1854 2650 1975 2718 format
1996 2653 2156 2737 imagines
2178 2653 2397 2739 cogitatione,
2433 2653 2485 2717 sic

465 2740 646 2824 participes
661 2739 811 2803 -divinae
843 2749 995 2804 namtas.
1039 2737 1083 2803 Et
1105 2749 1213 2805 tameo
1236 2736 1373 2804 aliaest
1395 2760 1446 2803 es·
1499 2735 1600 2803 Pater
1621 2759 1700 2803 sese
1721 2740 1866 2817 intuens,
1890 2760 1964 2804 cunr
1975 2759 2052 2803 sese
2075 2737 2224 2825 perfecte
2235 2736 2412 2828 intelligat,
2435 2739 2485 2823 gi·

466 2826 574 2890 sentia
598 2833 710 2889 creato
731 2822 893 2901 hominis,
916 2820 1037 2890 etalio
1060 2835 1110 2891 εει
1131 2825 1311 2890 divinitatis
1333 2845 1466 2896 essem,
1499 2828 1571 2912 gnit
1592 2826 1768 2913 imaginem
1791 2845 1905 2905 snam,
1935 2845 2022 2910 quae
2054 2827 2185 2912 quidem
2207 2835 2260 2890 est
2280 2824 2391 2911 imago
2414 2845 2484 2890 non

465 2912 525 3062 tiss,
569 2930 633 2975 uae
655 2907 886 2994 separabiliter
907 2922 961 2975 est
981 2911 1015 2975 in
1035 2912 1173 2990 renatis,
1195 2913 1251 2997 qui
1273 2922 1352 2976 sunt
1369 2923 1446 2977 tem·
1497 2930 1727 3061 ἱιαιιεεαεαε,
1759 2912 1829 2976 sed·
1853 2912 2064 2990 subsistens,
2109 2931 2199 2998 quae
2233 2922 2286 2976 est
2319 2909 2486 2992 ὁμοιόσιος

465 3018 488 3081 p
579 2998 620 3061 ei.
1528 2999 1601 3062 atri.

468 3186 477 3194 ·
552 3165 685 3233 Dicitur
707 3178 740 3232 et
761 3168 911 3232 ΛΟΓΟΣ
929 3167 1055 3234 aeterni
1077 3165 1197 3232 Patris.
1242 3167 1316 3234 Hoc
1338 3166 1448 3234 decla·
1584 3164 1760 3234 Declarari
1781 3178 1890 3232 autem
1912 3169 2024 3254 imago
2046 3179 2151 3254 etper
2172 3166 2230 3234 illa
2246 3179 2370 3253 potest,
2392 3169 2486 3255 quod

464 3263 517 3320 rat
537 3266 700 3333 vetustas,
722 3254 783 3332 sic,
806 3266 842 3319 ut
864 3266 989 3320 tantum
1009 3252 1447 3337 respectul'atrismultiin-
1487 3250 1603 3318 'Filius
1626 3256 1670 3318 sit
1692 3251 1807 3341 fulgor
1828 3256 2008 3320 ostendens
2022 3255 2164 3330 Patrem.
2189 3256 2223 3320 id
2245 3266 2314 3333 est,
2334 3274 2487 3340 persona

464 3338 617 3427 telligant
629 3361 703 3405 eum
716 3340 780 3404 dici
790 3340 887 3423 λόγον,
910 3336 1134 3421 videlicetita,
1156 3341 1243 3406 sicut
1265 3341 1448 3407 inhomioi·
1472 3341 1484 3414 ΙΙ
1499 3337 1655 3425 loquens,
1678 3360 1740 3406 seu
1761 3343 1898 3407 verbum
1912 3342 2105 3417 ostendens,
2127 3362 2212 3426 quae
2235 3342 2279 3422 sit
2295 3339 2405 3408 Patris
2429 3361 2486 3407 sa·

432 3453 434 3455 ·
465 3429 530 3492 bus
553 3428 694 3491 verbum
724 3428 923 3511 cogitatione
945 3425 1123 3507 sonnatur,
1153 3428 1243 3512 quod
1265 3439 1318 3492 est
1337 3429 1448 3577 imaffi
1499 3443 1632 3511 prenna,
1656 3440 1790 3506 ruentia,
1813 3425 1963 3505 libertas,
1987 3432 2036 3492 ira
2058 3428 2429 3513 adversnspeccatum,
2451 3438 2486 3493 et

464 3514 514 3577 rei
537 3511 725 3596 cogitatae,
756 3524 793 3576 ut
827 3533 901 3577 cum
931 3511 1032 3578 homo
1055 3514 1179 3600 cogitat
1200 3515 1358 3593 amicum,
1391 3516 1400 3577 i
1500 3514 1729 3578 misericordia
1761 3534 1843 3598 erga
1875 3515 2052 3579 credentes
2084 3514 2309 3598 promissioni,
2341 3514 2485 3578 ethaeo

467 3598 669 3684 cogitatione
703 3618 782 3661 mox
802 3595 924 3662 format
945 3599 1122 3683 imaginem
1144 3601 1232 3663 eius:
1277 3599 1335 3664 Sic
1357 3602 1448 3663 aiunt
1499 3619 1646 3682 persona
1679 3599 1839 3685 loquens,
1873 3620 1934 3665 sen
1953 3598 2018 3665 lroc
2041 3605 2196 3678 verbum,
2228 3601 2351 3686 inquo
2374 3597 2485 3685 iulget

465 3685 612 3762 Patrem,
636 3682 692 3767 qui
715 3702 793 3747 sese
810 3679 959 3767 perfecte
980 3680 1151 3769 intelligit,
1180 3685 1318 3771 gignere
1335 3687 1471 3770 imagi-g
1501 3684 1662 3768 sapientia
1690 3696 1723 3749 et
1744 3686 1864 3750 iustitia
1886 3687 2003 3751 similis
2027 3685 2135 3764 Patri,
2167 3683 2323 3771 splendet
2353 3686 2387 3750 in
2412 3698 2486 3752 tote

465 3789 658 3848 nemsuam
682 3788 744 3833 seu
766 3765 876 3853 eloqui
898 3769 1155 3853 verbum-quod
1176 3781 1229 3834 est
1246 3771 1353 3854 ipsius
1367 3772 1449 3834 inte·
1501 3782 1619 3833 natura
1640 3781 1799 3835 assumta.
1844 3770 1892 3835 lta
1915 3769 2017 3837 Filius
2043 3772 2134 3836 lieus
2157 3782 2190 3835 et
2210 3770 2310 3837 bomo
2334 3774 2485 3837 nomina·

466 3876 529 3945 gra
561 3866 596 3920 et
618 3852 849 3920 substantialis
877 3856 999 3940 imago.
1042 3852 1207 3921 Diderunt
1228 3857 1313 3921 enim
1335 3857 1449 3941 imagi·
1501 3867 1553 3918 tur
1576 3858 1684 3942 imago
1708 3857 1831 3921 aeterni
1856 3857 1966 3922 Patris
1987 3859 2030 3922 od
2054 3855 2279 3923 colossenses
2302 3870 2336 3923 et
2358 3856 2485 3943 Philip·

464 3961 526 4008 nes
548 3944 582 4006 in
601 3944 767 4006 creaturis
789 3944 832 4007 ab
855 3941 920 4007 bac
943 3941 1086 4027 imagine
1106 3942 1139 4005 in
1163 3941 1345 4021 divinitate,
1370 3945 1448 4029 quio
1499 3961 1635 4089 penses,
1665 3944 1718 4006 nbi
1753 3944 1888 4007 dieitur:
1921 3944 1985 4017 Qui
2008 3966 2083 4009 eum
2104 3958 2198 4009 esset
2217 3945 2252 4009 in
2273 3939 2382 4009 forma
2405 3945 2486 4025 Dei,

463 4030 624 4115 imagines
657 4030 691 4093 in
727 4028 890 4093 creaturis
923 4042 1002 4092 sunt
1030 4028 1166 4095 umbrae
1189 4042 1445 4094 evanescentem
1514 4050 1639 4093 omnam
1662 4031 1752 4094 servi
1774 4031 1916 4113 accepit,
1938 4032 1972 4093 id
1994 4043 2058 4102 est.
2077 4041 2256 4096 comesset
2270 4043 2404 4117 potens,
2429 4052 2486 4097 sa·

463 4114 532 4181 Sed
555 4112 660 4181 Filius
683 4115 811 4180 aeterni
833 4113 944 4178 Patris
966 4125 1020 4179 est
1041 4114 1153 4199 image
1175 4115 1377 4194 subsistens,
1399 4118 1448 4180 vi·
1499 4116 1607 4197 piens,
1640 4115 1758 4192 iustus,
1792 4113 1901 4194 sortis,
1935 4118 2020 4181 sicut.
2044 4116 2155 4195 Pater,
2186 4126 2295 4182 tamen
2313 4138 2380 4182 non
2406 4137 2485 4183 exe·

461 4224 506 4268 va
528 4214 561 4268 et
581 4206 725 4287 integra,
747 4212 781 4267 et
800 4220 940 4265 manens
962 4199 1121 4282 ὁμοιόσιας
1141 4198 1244 4278 Patri,
1266 4201 1309 4266 de
1331 4221 1447 4266 essen·
1500 4203 1566 4264 ruit
1583 4220 1677 4264 suam
1700 4204 1879 4285 potentiam
1898 4216 1959 4268 etc.
2004 4202 2048 4267 Et
2068 4203 2100 4266 2.
2114 4201 2265 4267 Corinth.
2286 4203 2318 4269 3.
2342 4204 2484 4269 dicitur:

462 4288 508 4352 tia
530 4286 651 4352 Patris.
1499 4284 1572 4350 Nos
1607 4298 1733 4351 retecta
1764 4287 1851 4352 facie
1880 4286 2021 4375 gloriam
2054 4287 2117 4354 Dei
2148 4291 2325 4367 intuentes,
2360 4290 2394 4354 id
2419 4301 2485 4369 est,

557 4379 560 4386 ’
1503 4371 1649 4437 Verbum
1683 4369 1800 4439 lucens
1835 4376 1867 4438 in
1900 4377 2009 4451 nobis,
2042 4377 2074 4439 in
2103 4395 2169 4461 qno
2201 4375 2234 4441 in
2257 4378 2487 4443 conversione

550 4455 643 4523 llaec
677 4454 861 4524 declaratio
904 4468 998 4524 recte
1030 4458 1171 4523 sumitur
1203 4475 1244 4522 ειι
1280 4453 1446 4524 vocabulo
1499 4460 1664 4522 cernimus
1686 4457 1794 4524 Deum
1817 4473 1851 4524 et
1867 4463 2087 4545 praesentiam
2100 4464 2184 4540 eius,
2207 4464 2374 4528 cernimus
2397 4463 2485 4528 iram

463 4544 628 4631 imaginis.
673 4543 743 4610 Sed
779 4544 924 4629 adiungo
957 4544 1022 4610 dici
1042 4542 1128 4627 λόγον
1149 4555 1308 4629 respectu
1329 4546 1447 4623 nostri,
1498 4545 1661 4609 adversus
1683 4559 1868 4629 peecatum,
1888 4569 1986 4632 quam
2008 4550 2092 4612 ratio
2114 4550 2245 4613 nonsic
2259 4549 2383 4614 cernit:
2410 4569 2485 4613 cer-

463 4631 542 4717 quia
575 4642 627 4695 εει
649 4650 808 4714 persona,
837 4651 937 4714 quam
959 4642 1116 4695 aeternus
1137 4627 1239 4695 Pater
1259 4630 1446 4696 immediate
1499 4631 1607 4694 nimus
1641 4643 1672 4696 et
1707 4634 1968 4697 misericordiam
2000 4632 2065 4698 Dei
2088 4635 2275 4718 praesentis
2298 4629 2486 4700 revelatam

462 4718 560 4782 mittit
592 4717 636 4781 ad
657 4714 862 4794 Ecclesiam,
896 4737 982 4801 qnae
1013 4713 1142 4865 Imfm
1163 4715 1381 4802 Evangelium
1404 4737 1446 4781 ex
1498 4718 1531 4780 in
1565 4716 1763 4803 Evangelio,
1797 4738 1840 4782 ac
1861 4733 2039 4784 cernentes
2063 4723 2199 4786 verbum
2221 4718 2341 4786 lucens
2363 4721 2399 4786 in
2422 4742 2483 4786 no·
2521 4774 2524 4779 .

462 4803 539 4869 sinu
561 4803 689 4868 aeterni
712 4800 833 4882 Patris,
857 4813 890 4867 et
908 4821 972 4866 nos
993 4824 1015 4868 a
1042 4804 1190 4889 oquitur,
1212 4815 1326 4868 servat
1355 4804 1446 4867 mini·
1500 4804 1564 4881 bis,
1586 4801 1859 4868 transformamur
1881 4808 1922 4869 ad
1946 4808 2120 4892 imaginem
2144 4804 2245 4885 illam,
2266 4808 2301 4872 id
2323 4820 2386 4887 est,
2410 4805 2484 4873 effi·

462 4890 599 4955 sterium
620 4886 807 4975 Evangelii,
831 4885 909 4955 colli
936 4889 961 4953 ‘t
981 4885 1182 4968 Ecclesiam,
1205 4901 1239 4955 et
1260 4889 1446 4954 immediate
1500 4889 1606 4954 cinrur
1635 4887 1760 4954 sindles
1794 4893 1896 4956 verbo
1919 4888 2041 4957 lucenti
2064 4895 2096 4957 in
2119 4895 2236 4972 nobis,
2270 4913 2292 4958 a
2314 4891 2425 4979 gloria
2447 4894 2483 4957 in

462 4985 516 5042 est
537 4977 570 5041 in
590 4996 631 5041 ea
653 4973 772 5040 eilicax
796 4996 880 5041 voce
932 4972 1076 5062 vangelii
1099 4975 1281 5042 ostendens
1300 4974 1444 5040 Patrem.
1522 4973 1657 5053 loriam,
1690 4977 1722 5040 id
1750 4987 1819 5055 εει,
1856 4974 1933 5043 lucc
1963 4977 2032 5042 Filii
2059 4980 2103 5043 ad
2127 4981 2329 5066 agnitionem
2352 4979 2483 5044 aeterni

460 5061 541 5128 ldeo
571 5074 605 5128 et
636 5062 723 5127 haec
757 5063 873 5127 eadem
905 5083 1063 5148 persona,
1095 5064 1174 5149 quia
1201 5064 1305 5127 missa
1326 5074 1379 5127 est
1402 5063 1444 5126 ad
1498 4996 1627 5139 deiris,
1660 5075 1694 5127 et
1716 5062 1799 5128 baec
1822 5062 1903 5129 liunt
1925 5066 2049 5149 Spiritu
2070 5079 2189 5131 sancto
2212 5063 2310 5130 simul
2331 5077 2484 5132 mutame

460 5146 659 5228 Ecclesiam,
693 5149 832 5212 assumit
864 5146 1043 5214 humanam
1074 5159 1236 5214 naturam.
1280 5147 1334 5212 nd
1356 5147 1445 5212 banc
1499 5149 1613 5227 corda,
1635 5160 1668 5213 et
1690 5170 1798 5215 novas
1821 5149 1973 5216 flammas
1995 5154 2027 5217 in
2052 5154 2209 5217 cordibus
2231 5154 2454 5218 accendente.

460 5236 766 5322 interpretationem
788 5238 933 5321 περὶτοῦ
955 5237 1044 5317 λόγον
1066 5235 1220 5323 congruit
1231 5236 1369 5301 dictum:
1392 5234 1444 5298 Fi·
1502 5309 1506 5315 ,

461 5315 527 5387 lius
555 5324 611 5409 qni
645 5333 697 5388 est
729 5322 762 5385 in
796 5322 871 5385 sinu
894 5318 1003 5386 Patris
1034 5323 1110 5406 ipse
1142 5322 1310 5387 enarravit
1336 5321 1442 5385 nobis.
1583 5318 1758 5386 Addamus
1791 5334 1824 5389 et
1857 5324 1980 5389 dietum
2012 5321 2118 5389 l’auli.
2137 5322 2166 5387 l.
2189 5322 2340 5389 Corinth.
2364 5323 2397 5388 l.
2443 5323 2482 5391 ln

364 5427 370 5440 ·
460 5407 561 5488 ltcm,
584 5408 657 5493 Ego
675 5430 750 5474 snm
773 5409 828 5494 qui
850 5407 893 5471 ab
916 5408 1007 5472 initio
1030 5409 1203 5473 vobiscum
1224 5403 1356 5493 loquor.
1402 5405 1443 5472 Et
1496 5404 1644 5485 Christo,
1677 5409 1732 5493 qui
1755 5406 1865 5475 fractus
1889 5422 1938 5473 est
1960 5411 2054 5475 nobis
2077 5410 2240 5495 sapientia
2262 5432 2283 5474 a
2306 5403 2401 5489 Deo,
2430 5411 2482 5477 lu·

464 5495 493 5559 1.
506 5494 619 5561 loban.
635 5497 663 5563 l.
675 5495 812 5563 dicitur:
836 5494 935 5569 Quod
957 5494 1109 5574 vidimus,
1132 5495 1223 5579 quod
1244 5513 1361 5559 manus
1384 5515 1443 5559 no·
1493 5494 1583 5557 stitia
1603 5504 1637 5558 ει
1657 5494 1883 5561 Sanctificatio
1906 5512 1938 5562 et
1962 5496 2144 5562 liedemtio.
2188 5493 2338 5582 lntelligo
2406 5518 2481 5563 rso·

460 5593 553 5648 stroe
574 5592 867 5650 connectaverrmt
889 5582 932 5671 de
952 5582 1057 5649 verbo
1079 5579 1179 5647 vitae.
1226 5581 1273 5648 lbi
1295 5580 1443 5646 nomina·
1491 5600 1570 5645 nam
1607 5577 1730 5646 Christi
1751 5580 1859 5648 Deum
1883 5597 1917 5649 et
1939 5580 2120 5665 bominem,
2155 5595 2314 5649 ettamen
2337 5517 2480 5652 eddom·
