5892 6709
463 676 529 744 ca
1095 675 1211 744 eum
1230 676 1336 746 nnn
1357 677 1547 746 scatere
1569 675 1851 746 nocuerunt.
2220 723 2222 727 -
2367 773 2369 776 Ι
2414 681 2485 749 cr

466 877 640 946 stratuum,
673 877 708 932 ct
740 886 808 932 non
840 887 991 953 pugnare
1019 888 1093 932 cum
1116 867 1230 953 quinto
1251 877 1444 954 praecepto.
1496 869 1655 935 iudicabit
1677 868 1771 935 Deus
1793 881 1857 936 etc.
1904 868 1997 935 llaec
2019 869 2108 935 diota
2130 869 2241 936 omnia
2267 868 2484 938 includantur

466 952 534 1018 Sed
556 965 593 1018 ut
614 972 763 1018 summus
785 954 911 1039 gradtns
934 963 988 1018 est
1008 955 1185 1038 potcstatis
1198 950 1353 1038 politicae
1376 951 1444 1021 bel·
1496 957 1530 1019 in
1553 954 1618 1018 boc
1639 966 1770 1020 sextum
1791 967 2017 1042 praeceptum,
2039 966 2073 1021 et
2094 955 2294 1043 adiungatur
2310 959 2482 1024 enarratio

463 1035 544 1119 lum,
577 1037 626 1103 lta
658 1040 691 1103 in
724 1041 864 1104 oraximo
887 1040 994 1104 abusu
1017 1051 1087 1118 est,
1120 1054 1153 1103 et
1174 1040 1346 1107 rarissima
1367 1051 1446 1105 suut
1497 1039 1624 1107 Christi
1644 1042 1782 1107 recitata
1804 1040 1922 1107 hintth.
1944 1042 1977 1106 5.

464 1127 552 1191 iusta
574 1137 608 1190 et
628 1124 777 1210 legitima
800 1122 908 1202 bella,
943 1115 1011 1190 Sed
1033 1122 1199 1191 Diabolus
1222 1145 1297 1192 cum
1319 1128 1362 1191 sit.
1384 1127 1444 1191 bo·
2215 1171 2226 1178 -

463 1212 595 1290 micida,
618 1224 651 1276 et
673 1212 824 1276 inimicus
845 1208 983 1296 politico
1005 1213 1123 1290 ordini,
1146 1231 1249 1297 saepe
1264 1210 1445 1277 levissimis
1583 1212 1658 1278 linc
1680 1225 1714 1278 et
1734 1224 1806 1279 tota
1828 1213 1979 1278 doctrina
1998 1214 2142 1298 pertinet
2159 1213 2381 1301 deconiugio,
2402 1236 2483 1301 pro·
2557 1295 2560 1300 Ι

462 1298 699 1363 occasionibus
721 1297 845 1362 excitat
866 1297 1012 1382 ingentia
1035 1295 1137 1375 bella,
1158 1299 1306 1363 incensis
1328 1300 1444 1364 animis
1496 1299 1571 1383 pria
1601 1297 1789 1378 Ecclesiae,
1822 1311 1856 1365 et
1883 1301 2080 1383 saepissime
2113 1299 2179 1364 boc
2205 1303 2393 1367 testimonio
2416 1322 2483 1369 nos

464 1385 619 1468 utrinque
640 1383 764 1448 iniusta
790 1383 979 1468 cupiditate.
1044 1383 1138 1448 Haec
1166 1382 1342 1451 latrocinia
1363 1382 1445 1450 tole-
1498 1384 1751 1464 confirmemus,
1785 1383 1870 1452 (ium
1902 1387 1937 1450 in
1966 1382 2043 1451 sola
2070 1407 2152 1452 vcra
2171 1384 2327 1452 Ecclesia
2348 1386 2413 1452 Dei
2435 1390 2484 1455 sit

464 1481 518 1534 rat
538 1468 644 1548 Deus,
667 1480 703 1534 ιιι
723 1469 903 1555 puniantur
919 1469 1092 1555 utriusque
1113 1471 1219 1555 partis
1232 1470 1384 1539 scelera.
1497 1471 1626 1556 integra
1659 1472 1813 1537 doctrina
1845 1473 1888 1538 de
1910 1474 2078 1560 coniugio,
2111 1486 2145 1537 et
2167 1473 2211 1538 de
2233 1475 2400 1552 castitate,
2423 1494 2482 1540 nc-

1497 1577 1595 1622 cesse
1628 1569 1681 1621 est
1709 1556 1819 1624 solum
1851 1556 1941 1623 hunc
1970 1570 2101 1623 coctum
2122 1579 2201 1624 esse
2221 1556 2380 1645 populum
2403 1559 2483 1641 Dei,

550 1638 600 1706 Sit
623 1651 733 1706 autern
754 1639 840 1706 baec
861 1641 1025 1727 sapientia
1055 1641 1090 1705 in
1119 1644 1257 1708 summis
1279 1643 1445 1730 guberna·
1496 1646 1553 1728 qui
1575 1641 1785 1748 amplectitur
1802 1641 1879 1708 Pro·
1891 1644 2032 1710 beticam
2055 1656 2088 1710 et
2103 1643 2335 1730 Apostolicam
2358 1647 2483 1712 doctri-

464 1727 607 1831 toribus,
640 1739 677 1831 nt
712 1724 899 1792 deliberent
931 1745 1018 1813 quae
1040 1724 1128 1792 bella
1150 1729 1218 1793 sint
1239 1728 1444 1833 necessaria,
1496 1750 1574 1833 nam
1607 1749 1681 1834 stne
1714 1666 1926 1836 corruptelis.
1950 1742 1984 1795 et
2004 1751 2072 1796 non
2090 1728 2173 1797 alias
2196 1744 2326 1835 gentes.
2393 1732 2482 1805 Quia

465 1812 1446 1983 titt,¹ittttdttttttttt‘ittltdittttttttttt
1496 1814 1707 1986 ttthtith
1730 1813 1873 1966 gihai*
1899 1815 2482 1988 {abrenunciantes

460 1985 611 2071 privatae
632 1985 833 2065 iracundiae,
856 1987 1036 2066 ambitioni,
1057 1987 1227 2066 avaritiae,
1248 1998 1307 2053 aut
1329 1988 1445 2072 impiae
1496 1997 1533 2051 ut
1553 1985 1684 2052 Ethnici
1718 1986 1839 2055 multus
1872 2010 1979 2075 vagas
2028 1989 2167 2054 'bidines
2201 2001 2234 2054 ct
2262 1985 2481 2057 confusiones

466 2070 686 2156 superationi,
719 2073 778 2136 sed
813 2074 891 2151 sint,
924 2083 960 2138 ut
981 2071 1115 2159 Abigeil
1137 2074 1298 2153 nominat,
1319 2070 1446 2159 praelia
1498 2076 1727 2159 coniugiorum
1751 2078 2033 2160 approbaremus
2088 2074 2177 2141 ldem
2199 2096 2289 2141 nunc
2309 2073 2481 2144 Mahome·

464 2155 609 2236 Domini,
638 2158 791 2243 inquiens
823 2158 865 2223 ad
895 2157 1022 2225 Davidz
1055 2158 1141 2232 Quia
1161 2156 1288 2245 praelia
1312 2159 1445 2224 Domini
1469 2173 1476 2218 t
1495 2160 1595 2224 tistae
1616 2157 1754 2241 faciunt,
1776 2174 1810 2225 et
1830 2157 1934 2246 Papa

462 2243 652 2329 praeliaris,
674 2264 740 2310 non
763 2246 948 2309 invenietur
968 2246 1049 2312 inte
1070 2242 1204 2310 malum.
1248 2244 1292 2309 Et
1312 2245 1446 2310 notissi-

463 2350 551 2394 mum
573 2329 619 2394 sit
640 2329 763 2396 dictum
787 2330 940 2396 Pindarir
972 2331 1007 2395 δα
1028 2331 1159 2413 „tropo
1181 2335 1277 2416 χωρὶς
1299 2334 1387 2410 θεοῦ,
1409 2332 1445 2395 ἔα

460 2414 574 2499 μάχαν,
598 2415 720 2483 Omitte
738 2437 895 2503 pugnam,
917 2419 1030 2484 omitte
1053 2415 1175 2484 bellum
1197 2419 1270 2483 sinc
1291 2416 1378 2483 Deo.

1582 2296 1764 2361 Prohibitio
1787 2294 1945 2383 coniugii,
1974 2309 2007 2362 et
2034 2308 2114 2362 vota
2135 2295 2378 2364 Monacbomm
2401 2318 2480 2366 can·

1495 2402 1556 2446 sae
1577 2394 1655 2448 sunt
1676 2381 1853 2447 multorum
1875 2380 2081 2448 horribilium
2104 2380 2279 2448 scelerum.
2324 2383 2479 2452 Sciamus

1493 2469 1596 2554 igitur
1617 2470 1802 2536 castitatem
1824 2468 1898 2535 Deo
1921 2465 2107 2556 placentem
2141 2489 2230 2547 esse,
2263 2468 2319 2536 rel
2337 2472 2370 2534 in
2394 2469 2478 2559 legi·

544 2584 628 2653 com
653 2585 879 2653 rehenduntm,
909 2588 977 2654 hoo
1032 2610 1132 2656 rme
1156 2601 1190 2654 to
1218 2588 1342 2655 multae
1379 2590 1444 2655 vir·
1496 2556 1575 2619 timo
1612 2556 1779 2641 coniugio,
1811 2553 1866 2620 vel
1899 2557 1932 2620 iu
1966 2556 2034 2620 vita
2057 2553 2176 2621 coelibi
2199 2567 2337 2640 propter
2357 2555 2480 2638 Deum,

459 2683 549 2739 tum
629 2609 651 2673 p
1009 2611 1032 2676 p
1133 2611 1155 2675 Ρ
1494 2641 1601 2705 vitare
1623 2661 1739 2706 omnes
1762 2640 1947 2727 prohibitas
1967 2643 2218 2714 commixtiones
2240 2654 2275 2707 et
2296 2641 2479 2709 allusiones

551 2721 583 2739 ‘'
1494 2726 1642 2791 seminis.
1686 2725 1729 2792 Et
1750 2728 1792 2792 nd
1817 2730 2004 2792 castitatem
2028 2749 2091 2793 nos
2110 2729 2336 2793 exuscitemus
2350 2730 2477 2816 cogita·

547 2826 677 2892 lustitia
706 2824 932 2911 particularis,
965 2849 1050 2914 qm
1083 2841 1137 2894 ρει
1168 2827 1290 2894 numu,
1319 2848 1443 2931 corpu,
1494 2813 1750 2914 tionemandnti
1775 2814 1886 2891 divini,
1909 2826 1943 2878 ct
1964 2811 2170 2879 horribilium
2192 2833 2375 2900 poenarum
2397 2828 2477 2882 tcm-

458 2913 581 2980 iniuria
603 2910 755 2992 allicere,
773 2925 808 2978 et
827 2915 884 2980 ubi
904 2934 1089 3000 possumus
1111 2916 1307 2983 innocentes
1329 2917 1443 2982 deleu-
1493 2895 1656 2983 1>⁰t³¹¹1¹¹¹¹
1679 2910 1712 2963 ⁰⁸
1733 2910 1953 2966 aeternamm·

460 3000 551 3067 ³⁰¹⁰·
1581 3034 1775 3119 Cogitemus
1797 3035 1915 3130 etiam,
1950 3056 2053 3122 quere
2074 3034 2171 3101 Deus
2187 3047 2254 3101 tam
2276 3056 2397 3103 severe
2417 3058 2479 3122 pu·

545 3134 875 3216 MANSUETUDQ
908 3157 996 3225 qu„
1017 3148 1070 3203 „t
1089 3136 1195 3205 10¹5„
1216 3140 1299 3205 prm
1320 3139 1442 3225 proba.
1492 3120 1562 3184 niat
1583 3117 1751 3225 libidines,
1775 3123 1865 3207 quod
1889 3120 1960 3188 vult
1971 3119 2111 3209 intelligi
2123 3125 2322 3203 castitatem,
2344 3136 2381 3188 ut
2391 3125 2479 3190 scia·

457 3224 517 3292 ΜΗ
537 3226 678 3291 ratione·
1492 3226 1567 3271 mus
1589 3227 1696 3312 ipsum
1711 3226 1796 3273 csse
1818 3221 1961 3310 mentem
1984 3222 2124 3288 castam,
2146 3228 2282 3293 puram,
2311 3221 2345 3275 et
2365 3230 2479 3312 auran-

547 3361 704 3440 ΖΕΠῙΒ,
727 3362 782 3448 ‘tui
805 3372 859 3426 est
879 3371 1018 3446 propter
1039 3357 1179 3448 gloriam
1200 3359 1282 3443 Del,
1305 3349 1442 3427 Φῐὶῑιδῒῑ·
1492 3304 1568 3443 high
1582 3290 2348 3459 idid?'sl'l‹cedmiasrettltffirdsstihilidhrdddlslssffi
2362 3297 2480 3448 (Ξιιιδῖιιὶ-

460 3449 540 3514 iiam
561 3449 694 3514 incendi
716 3445 833 3513 dolore
855 3463 888 3512 ei
910 3449 959 3511 lm
980 3448 1023 3513 ad
1047 3447 1263 3533 depellenda
1274 3460 1442 3516 collium·
1492 3466 1672 3530 vocatione
1705 3468 1903 3552 cogitantes,
1937 3468 2027 3552 quod
2060 3468 2104 3530 sit
2125 3465 2232 3544 Deus,
2266 3465 2331 3532 hac
2353 3467 2478 3534 virtuto

459 3531 537 3615 lias,
560 3545 594 3599 et
615 3535 659 3599 ad
679 3530 869 3618 pellendam
890 3534 1133 3619 turpitudinem.
1492 3571 1565 3616 eum
1600 3553 1829 3617 discernamus
1862 3550 2080 3617 a'Diabolis.
2145 3550 2337 3639 Cogitemus
2377 3554 2479 3620 etiarn

545 3669 791 3749 fflpfflgffl,
825 3688 911 3756 qu„
928 3682 981 3734 m
1001 3667 1165 3756 probabffi
1188 3672 1316 3736 ,appone
1335 3668 1441 3735 penpm
1492 3635 1657 3701 Diabolus
1678 3638 1867 3702 immediate
1888 3639 1965 3704 odio
1977 3636 2041 3703 Dei
2063 3636 2234 3723 impellere
2250 3639 2399 3705 infirmos
2416 3638 2478 3706 ho·

454 3760 565 3825 iustas
587 3777 726 3841 poenas,
749 3769 782 3822 et
804 3755 959 3823 oblivisci
982 3757 1289 3839 privatasiniurias,
1311 3758 1354 3823 de
1371 3758 1441 3844 qui·
1493 3724 1601 3827 mnf?
1635 3724 1678 3787 ³¹¹
1700 3721 1870 3827 ”liminum
1893 3723 2121 3827 9⁰¹'fffi50m'
2158 3723 2302 3830 ,Qum
2322 3739 2477 3812 P⁰t⁰¹¹¹u⁸

459 3847 524 3913 bns
546 3845 682 3910 diciturt
704 3842 884 3921 Remittite,
908 3856 942 3910 ct
959 3844 1142 3910 remittetur
1163 3845 1271 3909 vobis.
1493 3805 1649 3872 ⁸⁰³¹¹¹¹¹¹¹¹
1683 3807 1747 3873 ⁰⁶¹
1780 3812 1823 3875 “¹
1845 3812 2050 3876 mmmm
2083 3823 2283 3890 mmmm
2317 3832 2358 3876 ⁰⁰
2380 3810 2476 3876 ΒΜ

1493 3915 1533 3960 co
1555 3892 1711 3960 libentius
1734 3915 1830 3981 opero
1852 3893 1917 3961 fem
1938 3897 2138 3980 petentibus,
2167 3898 2326 3983 quiescit
2349 3897 2477 3963 Diabo-

544 3979 884 4062 TEhlPERANTlA,
906 4002 993 4067 qnae
1016 3993 1070 4048 est
1086 3983 1210 4048 iustitia
1232 3981 1344 4047 debita
1364 4001 1441 4068 pro·
1492 3977 1545 4045 los
1579 3983 1757 4066 praecipue
1790 3994 1927 4066 propter
1953 3982 2040 4047 hanc
2063 4004 2200 4048 causam
2223 3981 2394 4067 impellere
2417 3985 2477 4049 ho·

460 4071 533 4158 prio
556 4070 690 4155 corpori
711 4071 745 4134 iu
765 4068 866 4133 modo
886 4069 1009 4135 victus.
1288 4108 1290 4113 -
1491 4068 1597 4132 mines
1619 4068 1660 4133 ad
1683 4069 2005 4148 contaminationem,
2027 4079 2062 4133 nt
2085 4069 2180 4135 Dans
2203 4068 2403 4135 contumelia
2426 4067 2477 4135 al'-

1492 4151 1632 4232 ficiatur,
1666 4166 1698 4219 et
1720 4152 1861 4238 plurima
1884 4152 1963 4219 liant
1984 4153 2193 4240 displicentia
2214 4153 2307 4220 Deo:
2340 4155 2476 4221 Fortius

1491 4239 1592 4321 igitur
1613 4241 1759 4322 reprimit
1778 4238 1941 4306 Diabolos
1965 4240 2071 4320 Deus,
2095 4244 2172 4327 quia
2193 4244 2258 4305 scit
2279 4261 2340 4306 eos
2365 4243 2474 4330 magis

679 4360 742 4427 ΒΕ
764 4357 911 4426 Sssxrpo
934 4291 1227 4424 PRAECEPTO,
1460 4389 1468 4469 Ι
1491 4324 1569 4388 edio
1592 4324 1656 4390 Dei
1680 4347 1778 4411 qnam
1801 4326 1968 4391 hominum
1990 4325 2111 4392 furere.
2155 4328 2228 4393 liae
2250 4331 2474 4416 cogitationes

1491 4427 1594 4498 saepe
1616 4414 1805 4480 miscendae
1825 4426 1905 4478 sunt
1926 4416 2138 4480 invocationi.

544 4584 581 4650 ln
613 4597 709 4651 serto
738 4597 934 4672 praecepto,
961 4582 1038 4652 Non
1070 4580 1316 4659 moechaberis,
1350 4561 1469 4647 com-³

454 4671 616 4759 prehendi
649 4692 793 4738 necesse
826 4686 876 4737 est
900 4672 1009 4736 cornia
1029 4681 1209 4756 praecepta
1231 4668 1295 4733 Dei
1317 4670 1438 4734 tradita

334 4761 336 4768 '
454 4760 490 4826 in
524 4759 699 4842 scripturis
733 4757 945 4843 Propheticis
978 4768 1013 4822 et
1044 4752 1264 4841 Apostolicis,
1295 4775 1382 4841 quac
1404 4768 1437 4820 et
1687 4735 1750 4804 ΒΕ
1778 4733 1969 4803 3ΕΡΊῚΜΟ
1991 4737 2271 4806 PRiECEPTO·

456 4845 610 4911 sanciunt
634 4846 834 4929 coniugium,
858 4856 892 4908 et
913 4841 1090 4928 prohibent
1107 4862 1223 4908 omnes
1241 4838 1326 4905 alias
1349 4861 1438 4904 ccm-
1894 4894 1898 4901 .

455 4932 644 5009 mixtiones,
667 4943 700 4996 et
721 4930 903 4997 effusiones
925 4931 1072 5007 seminis,
1092 4940 1130 4993 ut
1151 4932 1183 4992 in
1207 4949 1280 5012 cap.
1306 4926 1437 4993 tale
1756 4966 1799 5049 N
1883 4966 1993 5053 furtu
2067 4968 2090 5052 s
2134 4970 2143 4987 .
2282 4958 2288 4968 ·

454 5021 558 5096 vitici,
593 5019 775 5082 recitantur
806 5014 931 5083 multae
987 5016 1216 5092 rohibiticnes,
1248 5025 1281 5077 ct
1307 5013 1437 5077 additur
1799 4996 1853 5049 ΟΠ
1996 4998 2036 5050 m
2084 4998 2201 5053 acles.

445 5105 668 5171 severissima
692 5105 911 5182 comminatio,
957 5037 1073 5168 dunis
1102 5103 1211 5166 anima
1243 5121 1329 5186 quae
1350 5097 1438 5164 fece·
1671 5153 1675 5160 .

453 5194 496 5258 rit
518 5189 642 5278 aliquid
671 5190 788 5256 harum
810 5191 1101 5267 abominationum,
1124 5188 1242 5271 peribit
1264 5186 1436 5252 demedio
1576 5183 1659 5250 Cum
1688 5181 1808 5250 lurtum
1831 5184 2036 5270 prohibetur,
2070 5207 2088 5253 e
2111 5189 2249 5274 regione
2271 5185 2472 5254 affirmativa

455 5279 569 5366 populi
594 5281 657 5344 sui.
702 5272 808 5360 Ephe.
831 5276 864 5340 5.
909 5277 1025 5340 (imnis
1048 5287 1217 5340 scortator
1244 5284 1300 5338 ant
1323 5283 1438 5338 conta·
1490 5272 1656 5336 sententia
1673 5272 1815 5336 tenenda
1838 5286 1901 5337 est.
1968 5273 2043 5337 Non
2065 5276 2151 5338 enim
2169 5286 2285 5339 essent
2308 5271 2406 5352 turta,
2439 5274 2470 5339 si

455 5367 611 5439 minatus,
634 5385 701 5430 non
725 5363 826 5427 habet
847 5361 1085 5427 haereditatem
1108 5361 1140 5425 in
1165 5380 1269 5447 regno
1299 5358 1436 5436 Christi,
1491 5353 1582 5422 nulla
1614 5369 1705 5421 esset
1728 5358 1894 5425 distinctio
1917 5359 2145 5423 dominiorum.
2213 5359 2289 5425 idco
2322 5361 2470 5426 sciamus

456 5464 489 5517 et
511 5449 585 5517 Dei.
608 5452 713 5517 Nemo
737 5470 798 5516 vos
821 5450 964 5533 decipiat
986 5448 1080 5514 ranis
1103 5448 1324 5511 sermonibus.
1353 5445 1437 5510 Pro·
1490 5445 1522 5508 in
1542 5442 1609 5508 hoc
1629 5458 1807 5528 praecepto
1830 5446 1953 5511 satrciri
1976 5447 2220 5511 distinctionem
2237 5448 2468 5524 ιΙοιιιίιιίοιιιιιι,

455 5550 532 5625 pter
564 5539 650 5605 haec
683 5540 776 5604 venit
809 5538 858 5601 ira
880 5535 944 5602 Dei
966 5553 1069 5619 super
1089 5534 1330 5598 inobedientes.
1396 5529 1438 5596 Et
1491 5541 1525 5596 et
1545 5531 1690 5594 discerni
1714 5532 1800 5595 inter
1821 5534 1955 5616 propria
1973 5543 2004 5595 et
2025 5528 2145 5611 aliena,
2181 5545 2214 5597 et
2236 5531 2325 5598 relic
2350 5530 2469 5611 Deum,

449 5626 499 5692 ad
522 5624 695 5692 Hebraeos
714 5624 875 5710 scriptum
896 5634 961 5703 est,
984 5621 1199 5689 scortatores
1221 5615 1437 5687 etadtdteros
1491 5628 1527 5682 ut
1547 5637 1628 5686 suas
1652 5618 1794 5704 quisque
1814 5637 1871 5684 res
1893 5628 2014 5696 teneat,
2037 5629 2070 5682 et
2091 5622 2134 5684 ab
2157 5618 2267 5686 alieno
2288 5620 2468 5685 abstineat.
