5892 6709
582 507 1070 546 N·W--
1089 530 1093 536 ι
1106 520 1260 536 --........,.....
1274 515 1293 523 .--
1315 513 1320 520 ι

466 637 533 708 tit
1092 638 1207 707 Ptin..
1228 637 1333 706 mel.
1356 636 1546 707 settim
1565 637 1847 707 boemanos.
2351 697 2353 699 ,
2429 639 2500 712 628

467 841 577 910 erant,
602 830 664 896 sed
687 830 786 897 etiam
807 825 887 895 illae
908 829 1003 915 ipsae
1024 829 1192 896 barbarae
1213 841 1344 916 gentes,
1367 851 1454 918 qnae
1505 828 1631 916 possit,
1652 826 1879 896 manifestiora
1906 840 2017 894 errata
2040 828 2194 915 Gregorii
2216 830 2308 916 prius
2329 834 2498 904 rectane,

467 918 630 983 tenebant
651 914 801 1004 ltaliam,
834 935 951 980 secum
971 916 1171 981 invexerunt
1198 930 1256 983 eut
1278 914 1379 983 facile
1401 939 1453 984 re·
1506 916 1630 981 deinde
1646 937 1754 1001 pauca
1776 917 1818 981 de
1840 936 1947 981 coena
1969 914 2102 980 Domini
2127 914 2317 1001 disputabo.
2364 918 2498 1008 Grego-

469 1013 632 1087 cepernnt
673 998 797 1067 multas
836 1004 1088 1085 superstitiosas
1122 1003 1308 1086 opiniones.
1374 1001 1452 1069 ldeo
1505 1002 1574 1066 rius
1596 999 1683 1068 libro
1706 1002 1738 1066 3.
1782 998 2018 1087 Epistularum,
2041 1003 2073 1066 in
2101 1001 2253 1087 Epistola
2274 1003 2497 1074 adCatanen·

468 1090 566 1157 brevi
587 1100 738 1175 tempore
758 1086 859 1155 valde
875 1085 1030 1153 cumulati
1052 1100 1132 1155 sunt
1153 1091 1291 1157 abusus.
1506 1108 1577 1153 sem
1600 1087 1804 1175 Episcopum
1826 1090 1860 1154 in
1882 1088 2009 1167 Sicilia,
2031 1091 2205 1175 praecipit:
2228 1111 2271 1156 ne
2287 1091 2497 1160 Subdiaconi

636 1243 642 1254 .
1505 1185 1563 1241 aut
1583 1172 1727 1240 Diaconi
1750 1176 1993 1241 consuetudine
2017 1177 2195 1262 coniugum
2224 1190 2373 1259 utantur,
2407 1201 2496 1265 quaa

459 1325 466 1343 ,
556 1259 593 1325 ln
615 1258 675 1325 illa
701 1259 939 1328 dilaceratione
959 1257 1072 1327 ltaliae
1100 1262 1274 1328 videbatur
1295 1281 1373 1328 esse
1394 1282 1453 1348 pe·
1505 1271 1583 1326 ante
1600 1262 1842 1327 ordinationem
1867 1261 2045 1341 duxerant,
2069 1253 2145 1328 c'nm
2168 1265 2300 1350 quidem
2321 1278 2424 1331 antea
2441 1270 2495 1333 Si·

469 1344 606 1413 cnliarls
626 1343 782 1427 ielicitas,
803 1349 927 1414 abesse
949 1369 969 1413 a
990 1344 1177 1433 Republica
1197 1346 1316 1433 procul
1337 1350 1371 1413 in
1394 1345 1453 1414 ali·
1506 1344 1571 1411 culi
1594 1359 1789 1413 servassent
1812 1346 1980 1414 Graecum
2001 1369 2139 1426 morem,
2163 1371 2227 1415 nec
2247 1353 2374 1416 maritis
2396 1355 2496 1419 inter·

470 1454 537 1521 qna
559 1432 738 1499 solitudine
770 1434 912 1519 degere,
944 1436 1017 1499 sine
1050 1430 1192 1514 familia,
1225 1435 1298 1500 sine
1324 1434 1453 1514 liberis,
1506 1434 1668 1500 dixissent
1690 1436 1870 1521 coniugum
1893 1436 2180 1502 consuetudinem.
2213 1436 2277 1502 llic
2299 1433 2417 1523 lapsus
2439 1462 2496 1507 sa·

469 1540 538 1587 non
566 1532 721 1605 spectare
748 1522 879 1586 urbium
898 1522 1047 1599 ¹turcidia,
1080 1531 1115 1586 et
1147 1523 1368 1587 vastationem
1395 1542 1453 1606 pa·
1505 1521 1548 1585 tis
1570 1519 1765 1586 manifestus
1789 1534 1852 1585 est.
1908 1520 2013 1586 Nemo
2036 1524 2122 1587 enim
2145 1523 2219 1607 pius
2242 1523 2495 1594 distractionem

469 1608 565 1672 triae.
598 1603 758 1672 Miserum
781 1617 834 1671 cst
855 1609 943 1673 enirn
965 1609 1076 1672 dicere
1098 1604 1194 1687 illud,
1216 1609 1306 1693 quod
1316 1608 1453 1673 Aeneas
1504 1603 1643 1694 legitimi
1665 1607 1809 1693 coniugii
1832 1609 2021 1692 approbare
2044 1620 2166 1693 potest.

469 1693 592 1780 inquit:
613 1690 656 1758 Et
677 1712 818 1779 qnorum
839 1713 921 1777 pars
942 1715 973 1759 m
1042 1691 1142 1759 alui.
1176 1691 1290 1780 ltaque
1312 1694 1453 1759 modesti
2001 1725 2013 1752 ·
2335 1745 2344 1753 .

468 1778 634 1858 homines,
656 1781 713 1864 qui
733 1776 905 1844 habebant
926 1779 1004 1844 tami
1019 1782 1082 1859 ias,
1104 1779 1359 1864 gratulabantur
1380 1781 1453 1846 Mo·
1591 1777 1715 1844 Narrat
1735 1775 1844 1845 luisse
1865 1781 2030 1865 quendam
2054 1779 2265 1864 Speciosam,
2287 1782 2344 1868 qui
2365 1781 2495 1851 mdue·

470 1864 592 1932 naclris
621 1886 718 1931 suam
746 1862 1027 1951 tranquillitatem.
1074 1865 1133 1931 Sic
1154 1867 1261 1934 crevit
1280 1866 1453 1933 admiratio
1505 1864 1548 1929 rit
1568 1860 1983 1952 relinquere'functienem
2011 1867 2225 1947 subdiaconi,
2273 1890 2348 1933 uam
2371 1877 2494 1938 'carere

470 1949 730 2035 Monacbornm,
770 1963 804 2018 et
846 1951 963 2039 plures
1003 1952 1186 2037 coeperunt
1226 1973 1389 2040 quaerere
1420 1964 1456 2018 et
1507 1952 1660 2039 coniugis
1683 1954 1932 2018 consuetudine.
1980 1952 2042 2018 Hic
2087 1954 2216 2039 uisquis
2244 1889 2322 2035 init,
2353 1959 2495 2024 saniore

472 2057 586 2104 amare
607 2057 780 2104 secessus.
1239 2054 1242 2057 ⁴
1506 2039 1627 2103 iudicio
1650 2037 1821 2123 praeditus
1843 2038 1918 2117 fuit,
1940 2060 2039 2125 qnam
2062 2040 2070 2057 '
2100 2041 2121 2119 i,
2150 2040 2207 2127 qui
2229 2038 2310 2106 talia
2331 2045 2495 2131 coniugia

1505 2123 1746 2190 distrahebant.

557 2209 688 2275 Deinde
710 2209 862 2275 homines
884 2211 1018 2277 barbari
1036 2221 1154 2277 natura
1170 2214 1330 2278 mirantur
1344 2231 1455 2280 novos

471 2297 572 2448 naq
590 2298 646 2382 qui
666 2298 815 2382 speciem
835 2295 958 2362 babent
980 2297 1118 2361 eximiae
1147 2298 1295 2383 pietatis,
1328 2312 1362 2363 et
1382 2309 1455 2363 tan·
1592 2294 1705 2382 Auget
1735 2308 1908 2380 peccatum
1931 2294 2102 2382 Gregorii,
2136 2298 2226 2382 qnod
2252 2295 2344 2364 hunc
2366 2320 2499 2367 rnorem

473 2404 538 2469 qua
594 2384 782 2449 commercii
805 2403 880 2448 cum
902 2383 987 2448 Deo.
1032 2381 1122 2450 Nihil
1144 2387 1260 2449 mirum
1282 2398 1333 2449 est
1355 2385 1456 2470 igitur
1506 2382 1541 2446 in
1563 2381 1686 2447 Siculis
1708 2381 1870 2448 Ecclesiis
1889 2384 1989 2468 recipi
2004 2380 2118 2459 voluit,
2142 2404 2227 2468 quae
2245 2387 2289 2452 ad
2307 2387 2341 2451 id
2359 2397 2499 2472 ternpus

472 2480 553 2535 tnnc
575 2481 608 2535 et
629 2468 872 2535 Monachorum
894 2482 1011 2535 coetus
1023 2471 1185 2549 crevisse,
1209 2481 1242 2535 et
1258 2468 1455 2555 plausibiles
1507 2469 1599 2533 iuxta
1621 2469 1833 2556 Synodornm
1856 2482 2004 2534 veterum
2028 2471 2165 2533 decreta
2186 2472 2390 2538 retinuerant
2412 2495 2499 2540 con·

473 2557 647 2642 opiniones
670 2558 712 2621 de
733 2553 930 2643 illogenere
949 2577 1085 2642 operum
1103 2553 1201 2621 latins
1217 2567 1360 2642 negatas
1378 2576 1456 2621 esse
1506 2555 1597 2641 iugia
1619 2556 1652 2620 in
1674 2557 1827 2620 omnibns
1850 2558 2009 2641 gradibus
2031 2552 2301 2637 Ecclesiasticis,
2323 2579 2389 2625 nec
2411 2581 2500 2626 one·

473 2654 507 2707 et
528 2642 707 2709 extinctam
717 2640 893 2729 Evangelii
910 2640 1021 2708 lucem
1043 2644 1086 2707 de
1107 2662 1188 2708 vera
1209 2642 1287 2723 fide,
1311 2656 1345 2709 et
1366 2644 1456 2712 veris
1508 2644 1628 2705 rabant
1657 2642 1745 2705 votis
1767 2640 1939 2706 Diaconos
1969 2653 2028 2706 aut
2056 2639 2152 2706 alios.
2198 2642 2268 2708 Cur
2294 2646 2396 2710 sumit
2429 2650 2501 2714 sibi

472 2726 628 2797 cultibus.
1508 2725 1693 2813 Gregorius
1714 2728 1885 2812 imperinm
1904 2730 1936 2791 in
1960 2725 2298 2795 alicnasEcclesius‘l
2320 2754 2398 2796 curn
2422 2737 2499 2819 qui·

1509 2814 1584 2877 dem
1612 2824 1679 2878 tarn
1713 2816 1841 2899 tragice
1863 2812 2051 2879 declarnitet
2079 2834 2118 2879 se
2140 2814 2322 2881 abhorrere
2348 2821 2393 2882 ab
2423 2822 2502 2885 uni·

561 2897 665 2964 Grata
686 2900 785 2964 etiam
807 2896 867 2963 fuit
889 2901 1041 2965 barbaris
1061 2901 1230 2965 veneratio
1244 2900 1456 2966 Sanctorum.
1507 2896 1649 2964 versalis
1672 2898 1829 2984 Episcopi
1853 2899 2086 2985 appellatione.
2116 2900 2259 2981 Deinde,
2292 2924 2354 2970 cor
2376 2905 2422 2969 ibi
2448 2907 2501 2972 di·

457 2983 660 3071 .Postquam
688 2983 794 3050 semel
815 2974 984 3070 re‘ceptnrn
1006 2997 1079 3052 erat
1109 2984 1174 3051 hos
1202 2985 1335 3053 ethnico
1362 3007 1457 3055 more
1508 2984 1627 3050 strabit
1649 2987 1746 3050 cunin
1773 2988 1822 3064 'a,
1855 2987 1910 3050 nbi
1933 2986 2076 3051 Diacnni
2105 3008 2172 3052 non
2202 2985 2335 3054 lucrant
2363 2995 2502 3057 onerati

475 3091 597 3138 ornere
619 3073 740 3137 statuis
763 3084 796 3137 et
816 3072 1039 3158 peculiaribus
1062 3070 1211 3158 templis,
1245 3075 1350 3139 crevit
1381 3093 1455 3139 mos
1507 3072 1619 3137 votis?
1663 3069 1733 3137 Cur
1786 3076 1816 3138 ic
1844 3094 1911 3136 non
1939 3085 2072 3138 veretur
2099 3075 2308 3159 superiorum
2337 3078 2502 3163 Synodo·

473 3159 656 3226 imitatione
678 3169 859 3242 potentum.
903 3158 945 3224 Et
975 3157 1132 3245 paulatim
1155 3170 1281 3226 tantum
1309 3161 1456 3227 accessit
1508 3178 1581 3222 rum
1602 3159 1832 3226 autoritatem?
1866 3159 1926 3223 llic
1948 3156 2078 3244 lapsps,
2102 3181 2177 3225 cum
2199 3158 2410 3228 manifestam
2434 3166 2500 3230 im·

472 3245 667 3331 impietatis,
699 3256 736 3310 ut
768 3244 850 3311 nihil
879 3244 1026 3311 differret
1059 3248 1229 3312 veneratio
1256 3247 1456 3312 Sanctorum
1507 3244 1662 3330 pietatem
1696 3258 1729 3311 et
1762 3247 1969 3333 tyrannidem
2003 3248 2185 3326 contineet,
2229 3250 2313 3313 satis
2354 3262 2505 3335 apparet

473 3332 528 3397 his
584 3332 804 3397 osterioribus
833 3329 959 3397 seculis
991 3352 1011 3397 a
1044 3330 1218 3397 manifesta
1241 3331 1454 3398 Etlrnicorum
1507 3341 1650 3397 aetatem
1689 3331 1845 3421 Gregorii
1878 3354 1944 3397 non
1985 3330 2089 3397 fuisse
2126 3334 2199 3399 sine
2237 3335 2369 3421 magnis
2402 3357 2503 3403 erro·

473 3353 673 3484 idololatria.
722 3417 969 3485 invocabantur
999 3417 1115 3498 Anna,
1150 3418 1354 3507 Gregorius,
1387 3441 1455 3485 non
1507 3418 1611 3484 ribus.

474 3500 573 3571 aliter
593 3524 693 3589 quant
714 3503 813 3585 luno,
836 3505 941 3584 biars,
964 3518 1020 3571 ant
1043 3501 1217 3572 Hercules.
1251 3503 1456 3572 currebatur

474 3590 518 3657 ad
541 3600 685 3669 statuas,
710 3591 753 3654 Et
774 3613 895 3676 magna
917 3594 1092 3657 autoritate
1120 3589 1210 3656 illam
1239 3592 1456 3673 ridutopavtov
1594 3589 1683 3656 ldem
1713 3612 1813 3676 qnam
1834 3592 1976 3656 iniustus
2000 3603 2051 3655 est
2073 3592 2238 3659 adversus
2260 3613 2340 3673 eos,
2365 3596 2424 3680 qui
2448 3597 2503 3662 iu·

475 3675 719 3743 confirmabant
739 3675 918 3762 Episcopi,
942 3678 1123 3742 laudabant
1145 3681 1314 3743 doctores.
1358 3679 1401 3743 Et
1421 3680 1455 3743 in
1508 3672 1619 3744 fantes
1647 3678 1680 3740 in
1701 3679 1911 3741 monasteriis
1933 3679 2064 3742 ennean
2091 3674 2224 3744 fuerant
2249 3678 2347 3745 iussu
2373 3704 2502 3767 paren·

474 3760 600 3828 talibus
623 3759 772 3828 cultibus
794 3775 867 3828 erat
890 3760 1059 3850 religionis
1081 3771 1220 3830 s'umrne.
1265 3764 1396 3829 interim
1415 3766 1457 3829 de
1505 3773 1590 3841 tum,
1613 3774 1647 3828 et
1670 3776 1787 3845 postea
1809 3763 1886 3827 l‘acti
1908 3766 2052 3852 puberes
2074 3763 2164 3830 aliud
2185 3766 2276 3831 vitae
2304 3787 2417 3853 genus
2442 3790 2502 3834 ex-

475 3846 600 3916 Ghristi
621 3850 851 3929 invocatione,
886 3852 928 3915 de
956 3849 1022 3915 fide
1045 3862 1117 3915 erat
1138 3852 1258 3937 ingens
1281 3848 1457 3916 silentium.
1508 3848 1690 3932 petebant?
1732 3846 1787 3913 De
1808 3848 1861 3913 liis
1884 3852 2085 3933 respondet,
2107 3849 2202 3917 nefas
2225 3872 2303 3918 esse
2326 3852 2416 3919 tales
2440 3859 2501 3922 de·

1055 3951 1061 3960 ·
1510 3954 1625 4001 serere
1646 3936 1746 3999 vitam
1768 3939 1995 4001 monasticam.
2025 3937 2117 4003 llaec
2134 3939 2271 4004 durities
2283 3961 2351 4005 non
2363 3962 2406 4006 eo
2425 3954 2502 4007 tan·

562 4021 729 4109 Principia
750 4022 851 4126 igitur
874 4025 1025 4089 cavenda
1054 4020 1189 4088 suerunt
1210 4034 1323 4090 tentae
1345 4024 1458 4110 impie·
1510 4033 1577 4088 turn
1600 4020 1874 4106 reprehendenda
1897 4034 1966 4101 est,
2001 4026 2079 4110 quia
2100 4027 2202 4090 aetati
2223 4023 2312 4091 iacta
2334 4040 2389 4091 est
2412 4029 2500 4094 inin-

474 4110 572 4188 tatis,
630 4130 692 4174 uae
724 4110 858 4196 andcm
887 4108 1073 4195 Gregorius
1101 4108 1202 4175 valde
1236 4109 1459 4190 confirmavit,
1510 4109 1570 4188 ria,
1593 4110 1653 4172 sed
1677 4110 1785 4186 etiam,
1808 4109 1884 4194 qnia
1904 4108 2002 4174 valde
2020 4110 2499 4199 confirmavitsrtperstitiosas

473 4198 575 4283 qnip
635 4197 722 4262 icum
743 4197 843 4260 ritum
872 4198 1093 4261 invocationis
1115 4194 1277 4262 Diuorum
1304 4198 1459 4274 instituit,
1511 4196 1684 4280 opiniones
1707 4196 1749 4259 de
1766 4197 1962 4260 monasticis
1986 4193 2141 4263 cultibus.

475 4284 533 4367 qni
561 4283 697 4348 ossibus
730 4294 764 4347 et
793 4279 988 4368 pulveribus
1018 4303 1134 4349 eornm
1163 4280 1285 4367 templa
1311 4283 1458 4349 dedicari

474 4368 584 4435 iussit.
1098 4365 1103 4377 ’
1597 4366 1728 4432 Addam
1756 4368 1888 4432 tertium
1918 4380 2062 4434 erratum
2091 4390 2160 4434 non
2184 4372 2376 4437 obscurum.
2423 4372 2499 4440 blo-

1510 4463 1606 4520 vetur
1627 4454 1780 4538 spectris,
1803 4466 1839 4518 ut
1861 4457 2054 4540 comprobet
2072 4454 2272 4523 oblationem
2284 4458 2499 4527 sacramenti

562 4539 656 4607 Tunc
674 4540 772 4606 etiam
793 4539 929 4627 irrepsit
950 4541 1061 4626 opinio
1084 4542 1126 4607 de
1148 4537 1318 4607 oblatione
1340 4562 1459 4628 corpo·
1510 4560 1571 4626 pro
1605 4541 1754 4606 mortuis.
1797 4540 1921 4605 Narrat
1954 4543 2055 4621 dnos,
2088 4544 2145 4627 qni
2175 4554 2268 4629 posti
2284 4556 2429 4611 mortem
2463 4547 2498 4611 iu

475 4626 524 4692 rls
546 4638 581 4692 et
602 4628 774 4714 sanguinis
786 4625 911 4696 Christi
934 4625 1087 4693 facienda
1109 4649 1170 4714 pro
1193 4628 1342 4694 mortuis.
1366 4627 1459 4694 Haec
1510 4624 1640 4693 balneis
1663 4628 1864 4706 servierunt,
1887 4648 2025 4713 quorum
2047 4626 2134 4694 alter
2194 4631 2277 4709 tivit,
2309 4642 2347 4696 nt
2393 4653 2435 4695 ro
2458 4652 2499 4698 sa

476 4713 588 4798 opinio
621 4717 750 4799 peperit
783 4711 992 4788 horribilem,
1008 4715 1305 4800 prophanationem
1338 4713 1459 4781 Sacra·
1510 4713 1605 4778 fieret
1628 4711 1754 4779 oblatio
1777 4713 1996 4792 sacramenti,
2017 4726 2054 4779 ut
2075 4716 2149 4780 abi
2178 4718 2207 4780 is
2229 4719 2348 4800 poenis
2368 4651 2496 4783 libera·

474 4801 587 4866 tnenti·
1510 4812 1612 4865 retur.
1656 4800 1711 4864 Ab
1733 4797 1785 4863 bis
1807 4801 1949 4885 spectris
1970 4802 2070 4865 sumit
2091 4802 2249 4888 dogmata
2275 4805 2309 4868 in
2338 4802 2499 4870 Ecclesia

1512 4897 1630 4951 contra
1646 4884 1855 4951 manifestum
1879 4888 2066 4952 mandatum
2088 4886 2171 4967 Dei,
2193 4887 2294 4955 Deut.
2317 4888 2373 4956 38.
2419 4892 2498 4957 Non

561 4970 636 5037 Etsi
668 4972 782 5059 lgltnr.
797 4984 876 5058 post
897 4971 1052 5062 Gregorii
1081 4983 1223 5039 aetatem
1245 4971 1390 5038 maiores
1413 4983 1459 5039 te·
1511 4993 1657 5060 quaeras
1690 4994 1712 5038 a
1738 4973 1876 5039 mortuis
1903 4975 2085 5038 veritatem.
2130 4973 2172 5040 Et
2193 4974 2273 5040 Esa.
2295 4975 2329 5043 8.
2375 4975 2498 5043 Utrum

352 5093 358 5107 «
474 5061 609 5125 nebrae'
622 5070 761 5125 secutae
781 5071 871 5140 sunt,
894 5072 1004 5127 tamen
1028 5060 1060 5125 bi
1083 5079 1216 5125 errores
1239 5070 1317 5124 tnnc
1339 5058 1457 5124 haese·
1509 5056 1654 5145 populus
1676 5079 1697 5124 a
1719 5057 1794 5123 Deo
1817 5061 1948 5145 quaerit
1965 5060 2174 5127 veteritatem
2196 5082 2259 5147 pro
2281 5062 2381 5143 vivis,
2408 5086 2455 5129 an
2476 5085 2499 5128 a

473 5159 553 5213 runt
580 5147 616 5211 in
636 5143 802 5211 Ecclesia.
846 5144 950 5212 Falsa
978 5149 1156 5234 persuasio
1179 5146 1222 5211 de
1243 5144 1457 5224 monachatu,
1511 5145 1672 5211 mortuis?
1723 5144 1815 5232 Erga
1836 5143 2077 5234 qualiscunque
2104 5159 2157 5213 cst
2178 5149 2361 5214 animarum
2383 5162 2497 5217 status

474 5233 518 5299 de
551 5234 711 5319 operibus
741 5232 816 5298 sine
836 5235 993 5299 mandato
1016 5234 1080 5300 Dei
1108 5234 1320 5321 excogitatis.
1363 5232 1457 5299 lnvo·
1509 5244 1586 5318 post
1615 5232 1704 5298 hanc
1733 5234 1855 5311 vitam,
1888 5245 1998 5298 tamen
2028 5236 2214 5320 aspectris
2241 5256 2313 5310 non
2338 5247 2421 5301 snnt
2443 5257 2498 5301 sn·

475 5318 564 5395 catio
593 5332 805 5399 sanctornm,
837 5331 872 5386 et
904 5318 1029 5387 oblatio
1059 5322 1211 5407 corporis
1239 5317 1363 5385 Gltristi
1397 5340 1458 5405 pro
1509 5318 1629 5385 menda
1650 5319 1693 5383 do
1719 5330 1817 5385 mata.
1860 5316 1991 5385 Deinde
2013 5321 2088 5407 quis
2116 5342 2183 5387 non
2204 5322 2297 5388 videt
2323 5326 2497 5408 politicum

473 5408 626 5474 mortuis&
660 5407 702 5473 lii
724 5425 858 5473 errores
880 5427 1035 5493 magnam
1057 5408 1178 5475 deinde
1199 5408 1328 5473 ruinam
1349 5418 1459 5473 traxe·
1510 5426 1599 5487 esse,
1622 5340 1718 5492 quoi
1733 5406 1813 5472 dicit
1835 5407 1908 5491 pios
1927 5419 2005 5491 post
2028 5420 2167 5473 mortem
2188 5404 2298 5474 factos
2321 5430 2403 5475 csse
2428 5407 2498 5476 bal·

726 5494 775 5560 Gr
820 5495 882 5560 orii
902 5505 998 5560 aetas
1018 5516 1086 5561 non
1109 5505 1324 5581 potestesse
1340 5514 1458 5561 norma
1509 5492 1687 5560 nectores?
1731 5490 1852 5560 Similis
1884 5491 1997 5560 tabula
2024 5506 2077 5560 est
2110 5507 2297 5562 commento
2331 5498 2375 5563 de
2413 5495 2497 5562 lilia·

474 5497 640 5652 rm
666 5516 709 5561 ue
847 5582 918 5664 lae,
949 5581 1043 5670 quod
1068 5602 1138 5702 qno
1168 5581 1279 5669 magis
1311 5580 1459 5670 perspici
1508 5581 1573 5649 bns
1594 5579 1716 5662 Densi,
1738 5580 1796 5668 qni
1815 5578 1970 5658 bumont
1990 5600 2114 5670 equam
2135 5582 2266 5650 utem.
