5892 6709
463 657 508 724 bb
1064 653 1178 721 Plllla.
1199 652 1302 720 nien.
1325 653 1514 722 semma
1535 653 1815 722 nonnanes
2425 657 2470 728 db

461 843 795 934 pollutlsceletibus,
819 865 905 929 quac
925 844 1052 929 passim
1069 855 1148 908 nota
1170 856 1276 924 erant,
1295 867 1369 912 cum
1390 863 1442 910 re·
1494 845 1677 923 annuntiet,
1699 862 1760 909 sen
1782 843 1905 924 multis,
1928 863 1989 909 seu
2010 840 2163 931 singulis.
2199 843 2243 910 Et
2262 843 2350 911 baec
2371 848 2470 914 abso·

462 934 562 998 dituri
594 931 638 996 ad
671 929 859 995 Ecclesiam
893 933 1049 1015 petebant
1081 950 1121 994 se
1147 931 1266 1015 recipi,
1300 952 1441 996 comme·
1494 926 1576 993 latio
1600 929 1635 994 lit
1656 931 1786 994 ratione
1807 930 1997 1007 ministerii,
2018 942 2051 994 et
2073 942 2125 994 est
2147 928 2335 997 consolatio
2357 951 2471 999 coram

393 1045 398 1058 ·
461 1019 635 1082 morabant
651 1036 713 1081 sua
732 1013 862 1092 delicta,
880 1031 927 1095 ut,
940 1017 1026 1080 sicut
1045 1027 1123 1080 tunc
1140 1020 1442 1093 consuetudoerat,
1466 1031 1470 1044 ·
1493 1013 1580 1079 Deo.
1623 1013 1702 1079 Alia
1724 1028 1777 1080 est
1797 1012 1963 1080 absolutio
1990 1016 2022 1078 in
2045 1016 2254 1095 criminibus,
2283 1037 2372 1103 quae
2393 1029 2472 1084 nota

462 1123 525 1188 per
545 1100 670 1188 aliquot
693 1103 765 1166 dies
780 1113 908 1166 starent
931 1104 963 1166 in
987 1100 1121 1185 templo,
1144 1122 1219 1167 eum
1240 1105 1347 1190 signis
1369 1122 1441 1167 rea-
1494 1111 1588 1178 sunt,
1616 1121 1703 1185 quae
1735 1100 1772 1164 lit
1792 1103 1921 1166 ratione
1949 1102 2205 1178 iurisdictionis,
2238 1122 2326 1188 quae
2358 1103 2472 1168 distin·

462 1201 530 1268 tus,
554 1199 588 1251 et
609 1188 728 1252 deinde
750 1185 881 1271 publice
903 1188 1138 1272 reciperentur.

549 1339 621 1405 lloc
638 1340 865 1424 spectaculum
883 1342 1113 1404 nominabatur
1130 1338 1262 1423 publica
1273 1341 1441 1425 poeniten·

461 1426 526 1503 tia,
559 1438 591 1489 et
619 1428 806 1507 pertinebat
838 1438 963 1491 tantum
991 1428 1034 1490 ad
1066 1423 1212 1508 pollutos
1245 1426 1440 1502 sceleribus,

461 1531 547 1597 quae
568 1512 693 1594 passim
715 1523 794 1576 nota
817 1524 927 1588 erant,
957 1525 991 1575 et
1018 1532 1225 1657 nequapuam
1254 1514 1441 1576 merebatur

460 1599 689 1660 remissionem
712 1610 939 1681 peccaturum,
962 1617 1070 1681 neque
1092 1617 1132 1660 cn
1148 1616 1209 1680 prae
1231 1617 1341 1682 neque
1363 1617 1439 1679 poe-

460 1702 544 1760 nae,
570 1684 631 1746 sed
655 1679 927 1746 cornmoneiactio
956 1694 1027 1746 crat
1048 1685 1135 1767 apnd
1163 1680 1250 1745 alios'
1277 1683 1439 1757 homines,

461 1780 498 1833 ut
520 1779 636 1830 essent
664 1767 891 1852 diligentiores
914 1769 947 1831 in
971 1769 1128 1831 carendis
1151 1764 1300 1851 lapsibus
1330 1780 1363 1831 et
1384 1789 1439 1830 co-

462 1854 605 1939 gitarent
626 1855 668 1916 tle
686 1855 911 1940 magnitudine
930 1864 1150 1936 peecatorum,
1174 1867 1238 1917 etc.
1263 1853 1353 1930 ltem,
1375 1851 1440 1914 Es-

461 1933 603 2042 plorptip'
626 1950 717 2016 erat,
750 1960 836 2023 quae
858 1940 1072 2018 ostendebat,
1099 1938 1181 2003 istos
1210 1940 1298 2003 serio
1329 1950 1440 2022 petere

461 2043 701 2088 remissionem.

462 2317 597 2400 Estne·
618 2319 868 2400 enumeratio
900 2317 1079 2399 (amnium
1113 2331 1184 2399 arat
1215 2319 1438 2427 aliquorum

690 2439 927 2519 delictorum
958 2437 1208 2550 necessaria?

549 2618 762 2700 Respondeo.
806 2615 914 2682 Nulla¹
934 2619 1134 2681 enumeratio
1165 2617 1360 2681 delictorum
1382 2638 1439 2680 ne-

462 2705 609 2767 cessaria
631 2717 699 2781 cst,
723 2704 800 2787 quia
823 2700 1030 2768 rtrarrisestnm
1053 2717 1121 2780 est,
1140 2724 1300 2787 nusquam
1325 2714 1441 2767 extare

486 2801 672 2872 raeeeptum
703 2790 846 2852 divinum
877 2790 917 2853 de
940 2789 1194 2852 litrnnreratione
1222 2786 1439 2873 singulorum.

461 2811 504 2939 iit
526 2876 730 2938 enumeratio
753 2877 895 2938 omniunt
919 2888 968 2937 est
992 2872 1222 2955 impossibilis,
1245 2877 1330 2936 sient
1359 2875 1440 2937 scri·

460 2974 551 3044 ptum
571 2971 638 3022 est:
661 2957 799 3028 ¹Delicta
827 2963 901 3043 quis
929 2957 1102 3043 intelligit?
1146 2961 1211 3022 Sed
1236 2961 1348 3042 petitio
1370 2959 1439 3023 Ab·

460 3043 635 3109 solutionis
670 3048 817 3126 privatae
851 3047 1021 3109 retinenda
1061 3055 1113 3107 est
1150 3060 1286 3190 propter
1318 3042 1438 3107 nndtas

461 3132 678 3216 gravissimas
703 3152 835 3193 causas.
879 3131 962 3192 Nam
986 3150 1052 3193 vox
1077 3129 1214 3212 Ertrrtge
1230 3132 1249 3192 ii
1273 3144 1305 3192 et
1326 3128 1438 3192 inultis

378 3215 380 3222 ’
461 3228 494 3279 et
516 3211 674 3300 singulis,
705 3218 760 3298 qni
788 3218 829 3277 ad
852 3214 958 3277 Deum
984 3229 1236 3292 eonrertuntnr,
1264 3227 1296 3277 et
1320 3236 1439 3279 canso-

460 3298 617 3364 lationem
630 3313 755 3383 petum,
779 3302 1005 3362 retnissinnem
1024 3313 1235 3382 pectsttorum
1255 3303 1438 3379 attrrnntiat,

460 3389 551 3451 iusta
573 3388 711 3448 eliciam:
735 3387 1252 3469 littorum1·erniser·itisptnzcata,
1277 3388 1438 3448 remitten-

460 3483 515 3536 tm·
537 3473 595 3533 eis.
630 3470 670 3532 Et
695 3469 771 3533 nibil
795 3474 1009 3549 (lubidinem,
1033 3474 1248 3535 san-amenta
1267 3493 1343 3534 rere
1361 3493 1438 3536 esse

460 3553 712 3640 applicationem
743 3555 908 3641 generalis
943 3559 1172 3640 promissionis
1201 3559 1241 3618 ad
1276 3555 1438 3640 singulos,

461 3645 546 3706 sient
567 3638 689 3704 l‘anlns
712 3643 827 3725 inquit,
852 3641 1143 3706 lbra-unntisionem
1169 3641 1272 3706 luisse
1295 3642 1438 3726 sigillum

460 3728 613 3802 iustitiae,
636 3728 667 3788 id
691 3740 752 3802 est,
776 3727 1125 3792 eomnronebctionem
1148 3730 1190 3791 tle
1209 3731 1439 3811 promissione,

460 3825 494 3877 et
512 3815 732 3876 testimonium
756 3809 998 3895 applicationis.

1493 1187 1625 1271 guenda
1647 1198 1698 1250 est
1724 1208 1744 1249 a
1765 1184 1938 1269 principali
1960 1187 2151 1266 ministerio,
2180 1198 2214 1251 et
2243 1189 2362 1273 recipit
2383 1209 2470 1268 eum,

1492 1273 1546 1355 qui
1570 1270 1677 1337 suerat
1699 1292 1775 1335 rens
1794 1269 2001 1357 publicorum
2024 1273 2194 1337 erinrinum
2212 1293 2326 1340 coram
2353 1269 2472 1340 Eccle-

1491 1358 1553 1421 sia.
1596 1357 1689 1423 llaec
1709 1355 1788 1423 alibi
1806 1357 1977 1442 copiosius
1998 1355 2222 1423 declarantur.

1944 1652 2014 1736 III.

1750 1771 1815 1853 De
1846 1769 2203 1853 Satissactionibus.

1578 1967 1707 2032 Nomen
1741 1965 1989 2033 Satisl‘actionis
2033 1991 2054 2033 a
2086 1968 2280 2052 spectaculo
2316 1968 2470 2054 publicae

1491 2054 1714 2200 poenitentiae
1736 2066 1901 2138 sumptum
1925 2067 1987 2117 est.
2021 2053 2106 2117 Nam
2126 2066 2161 2118 ut
2179 2075 2280 2138 supra
2298 2056 2376 2138 dixi,
2399 2077 2470 2122 mos

1507 2140 1553 2203 nit
1574 2140 1605 2220 in
1629 2136 1781 2202 Ecclesia
1806 2152 1947 2218 vetusta,
1969 2136 2116 2223 pollutos
2140 2141 2311 2205 atrocibus
2342 2154 2377 2206 et
2405 2163 2470 2207 ma·

1491 2222 1621 2286 nilestis
1633 2222 1829 2300 sceleribus,
1852 2245 1926 2288 cnm
1945 2245 1984 2289 se
1996 2226 2096 2307 recipi
2111 2228 2278 2308 petebant,
2303 2223 2470 2292 collocare

1491 2310 1524 2371 in
1553 2306 1630 2373 loco
1658 2324 1750 2374 certo
1779 2309 1890 2394 templi
1923 2312 2125 2394 spectandos
2148 2312 2180 2374 in
2210 2324 2304 2376 reste
2325 2310 2470 2398 lugubri.

1492 2393 1584 2458 Sicut
1610 2408 1727 2458 inostro
1751 2408 1899 2479 tempore
1922 2396 2084 2460 interdum
2105 2397 2348 2479 Arrabaptistae
2370 2399 2470 2480 depo·

1492 2481 1556 2544 sito
1595 2500 1710 2543 errore
1744 2483 1788 2544 ita
1824 2484 1948 2564 recepti
1987 2492 2084 2557 sunt,
2123 2494 2158 2545 ut
2191 2479 2318 2568 aliquot
2354 2483 2470 2548 diebus

1492 2575 1569 2627 ante
1592 2563 1744 2647 templum
1768 2578 1896 2629 starent
1919 2568 1950 2630 in
1973 2579 2155 2649 conspectu
2176 2566 2301 2651 populi,
2319 2580 2353 2632 et
2375 2569 2473 2654 signa

1492 2670 1573 2713 suae
1591 2653 1813 2734 poenitentiae
1836 2653 2058 2716 ostenderent.
2399 2683 2404 2690 ·

1578 2785 1640 2848 llic
1664 2807 1737 2850 nros
1759 2807 1967 2871 nequaqnam
1998 2789 2247 2852 existimabatur
2273 2791 2392 2852 mereri
2420 2809 2470 2854 re·

1491 2872 1682 2934 missionem
1700 2887 1925 2954 peccatorum,
1947 2893 2007 2935 sen
2030 2871 2147 2956 culpae
2170 2895 2229 2936 scu
2247 2894 2387 2957 poenae,
2410 2875 2471 2938 sed

1492 2967 1563 3019 erat
1596 2955 1821 3040 spectaculum
1862 2957 2045 3040 publicam,
2086 2961 2268 3024 institutum
2307 2961 2350 3024 ad
2386 2957 2470 3023 alios

1494 3043 1859 3118 corrnnonelaciendos,
1892 3057 1927 3105 ut
1959 3045 2159 3125 cogitarent,
2193 3043 2319 3108 similes
2355 3042 2470 3128 lapsus

1491 3128 1644 3190 vitandos
1667 3150 1755 3191 esse.
1799 3127 1879 3190 Erat
1896 3129 1992 3192 etiam
2016 3127 2253 3213 qtraliscnnqne
2271 3129 2471 3213 exploratio,

1492 3233 1533 3275 an
1557 3211 1604 3275 illi
1633 3216 1721 3277 serio
1750 3224 1899 3297 peterent
1929 3233 1967 3276 se
1996 3216 2109 3296 recipi,
2153 3215 2227 3277 Fuit
2253 3216 2285 3277 in
2316 3218 2471 3280 omnibus

1492 3300 1592 3360 rebus
1612 3298 1772 3363 Vetustas
1786 3301 1949 3374 severior,
1973 3320 2068 3382 quam
2089 3300 2173 3364 baec
2191 3297 2302 3364 ultima
2314 3313 2349 3364 et
2366 3298 2474 3365 delira
2508 3303 2512 3309 ’

1492 3384 1602 3446 rrrutnli
1625 3398 1728 3448 netas.
1775 3386 1852 3448 ldeo
1876 3387 2149 3448 esemnnmnicati
2179 3398 2314 3469 propter
2337 3387 2472 3466 caedes,

1490 3483 1611 3551 postea
1629 3474 1827 3535 arcebantur
1850 3493 1869 3532 a
1893 3472 2048 3534 ‹nnn-torn
2073 3470 2212 3534 aliorum
2236 3470 2416 3550 bominum,
2439 3484 2473 3536 et

1492 3558 1653 3636 gerebant
1671 3570 1761 3619 certa
1786 3559 1882 3640 signa
1896 3567 2018 3631 reatus,
2041 3569 2076 3619 nt
2094 3555 2151 3620 alii
2171 3556 2319 3622 bornines
2332 3559 2473 3638 seirent,

1492 3661 1605 3704 corum
1629 3645 1900 3706 consuetudinem
1927 3642 2092 3705 vitandam
2114 3663 2201 3706 esse.

1577 3793 1639 3857 llic
1663 3817 1734 3859 mos
1753 3794 1839 3857 lrand
1860 3796 1957 3857 dubie
1974 3816 1994 3858 a
2012 3796 2125 3878 prtum
2143 3797 2291 3878 patribus
2309 3807 2475 3878 acceptas

1461 3869 1467 3980 ι
1491 3891 1555 3941 est:
1584 3879 1667 3942 Nam
1687 3893 1719 3942 ct
1742 3884 1829 3962 apud
1852 3880 2031 3958 Etlmicos,
2056 3884 2143 3965 apud
2166 3903 2250 3965 qnos
2274 3882 2399 3946 veteris
2425 3883 2475 3946 di·

546 3950 723 4013 Praeterea
760 3961 887 4034 retento
922 3951 984 4012 tiit!
1026 3951 1174 4033 privatae
1207 3949 1438 4014 Absolttiiffltlss
1490 3962 1648 4047 sciplinae
1670 3969 1810 4049 vestiga
1834 3979 1959 4028 retenta
1989 3981 2085 4043 sant,
2118 3969 2232 4030 cadent
2261 3969 2474 4032 consuetudo

459 4038 564 4121 ¹¹¹⁸ng
599 4038 630 4099 in
654 4035 808 4100 Elide-*ia
842 4038 1042 4117 ‘'0¹¹⁵Plssll111'
1070 4038 1244 4099 ‘'isvilfflffll
1277 4037 1376 4122 ¹⁴0ng
1407 4050 1439 4100 θῑ
1491 4052 1621 4112 rrrttnsit.
1667 4053 1806 4114 Orestes
1829 4051 2000 4114 interiecta
2023 4065 2126 4115 artatae
2149 4053 2254 4136 gessit
2277 4053 2373 4136 signa
2397 4073 2476 4118 sea·

460 4120 646 4206 Evangelii,
670 4135 701 4185 et
724 4123 908 4200 ostenditur·
930 4123 1150 4185 testimoninm
1170 4125 1250 4205 ipsis
1270 4120 1438 4206 cserrrplis,
1490 4149 1563 4212 tus,
1597 4147 1643 4212 ut,
1668 4139 1857 4220 alicunque
1888 4140 2088 4220 vagabatur,
2122 4139 2243 4202 caneri
2275 4119 2431 4202 litianines
2454 4161 2477 4206 a

460 4212 548 4292 quod
582 4210 613 4270 in
637 4205 820 4291 Evangelio
852 4207 1040 4270 inundatum
1065 4210 1217 4270 traditam
1247 4209 1289 4270 sit
1318 4210 1358 4269 de
1389 4230 1438 4270 re·
1491 4222 1645 4283 comica„
1673 4223 1743 4285 eius
1776 4226 1989 4286 31,5111,01·0m‚
2034 4223 2125 4286 naen
2159 4226 2255 4308 signa
2282 4235 2404 4305 pastea
2440 4224 2476 4289 ἱ..

459 4296 619 4357 missione
652 4308 881 4373 peclisslill'lllll,
915 4294 1002 4354 Sitztti.
1040 4293 1157 4355 ''ell'llS
1193 4291 1437 4357 Alexandrinus
1490 4304 1825 4372 absolutionepmnm
1849 4320 1935 4371 sum,
1980 4308 2037 4372 Sic
2060 4321 2093 4372 et
2116 4308 2282 4373 Adrastus
2303 4308 2393 4391 apud
2406 4309 2477 4374 sse.

461 4381 557 4443 ritum
580 4374 747 4461 publicum
771 4382 881 4442 citarit
905 4391 1018 4442 cornea
1042 4379 1256 4441 Nepotianus.
1490 4393 1639 4455 pffltomm
1664 4397 1770 4476 μεθ-ῃ,
1792 4396 1888 4478 pagna
1910 4407 2033 4456 remus,

1575 4543 1711 4608 Talibus
1735 4545 1894 4628 esernplis
1908 4559 2056 4610 vetustas
2081 4533 2365 4611 commonefacere
2384 4543 2477 4614 alios
2497 4541 2501 4546 ⁴

1488 4630 1639 4696 homines
1662 4630 1777 4708 voluit,
1803 4647 1836 4694 ut.
1859 4634 1965 4717 rrrtrgis
1988 4632 2207 4696 abborrerent
2229 4656 2249 4696 a
2271 4631 2475 4700 sceleribus·

870 4674 1031 4758 Contra.

1576 4784 1679 4846 llnins
1703 4787 1822 4848 vetusti
1847 4787 1946 4848 inanis
1965 4789 2138 4870 vestigium
2163 4784 2223 4849 luit
2240 4785 2476 4869 spectaculum

1489 4868 1770 4954 satisfactionum,
1807 4882 1841 4933 ut
1876 4875 2114 4935 ntnrrinabatnr.
2165 4871 2287 4936 Graeci
2321 4875 2475 4936 neritina-

1490 4967 1608 5020 rernnt
1637 4966 1788 5035 sucatum,
1818 4957 1937 5030 idest,
1968 4959 2215 5042 castigationes.
2259 4957 2327 5020 Sed
2350 4971 2476 5039 postea

1488 5044 1721 5124 superstitione
1741 5056 1917 5105 creverunt
1941 5045 2033 5120 ritus,
2057 5057 2088 5106 ct
2110 5055 2326 5106 accesserunt
2347 5040 2476 5108 stultae
2521 5082 2524 5089 ·

1488 5139 1522 5191 et
1540 5129 1657 5209 impiae
1672 5131 1854 5210 opiniones.
1889 5129 1941 5191 Ac
1958 5127 2123 5206 lionaelri,
2145 5131 2222 5213 quia
2245 5124 2354 5191 sott'es*
2375 5130 2475 5213 igno·

1488 5214 1623 5289 rabant,
1653 5227 1866 5296 portentosas
1897 5216 2070 5296 opiniones
2101 5217 2143 5277 de
2175 5211 2474 5279 Satisfaetionibus

1489 5297 1666 5361 firrxernnt.
1711 5299 1803 5364 llaec
1834 5300 1994 5364 historica
2023 5299 2121 5365 valde
2148 5303 2286 5384 prodest
2314 5300 2474 5365 omnibus

1489 5385 1663 5447 notissima
1693 5406 1787 5461 esse,
1817 5385 1946 5449 lucilius
1970 5389 2055 5450 enim
2083 5401 2203 5470 postea
2225 5388 2474 5469 disputationes

546 5476 759 5558 llespondeo.
804 5475 900 5558 Nego
924 5475 1091 5537 minorem.
1136 5474 1258 5536 Pastor
1280 5475 1363 5537 enim
1387 5487 1439 5537 est
1461 5479 1466 5537 1
1489 5470 1531 5532 de
1552 5467 1839 5535 satisfactionibus
1863 5473 2031 5537 diiudicari
2050 5483 2200 5556 possunt.
2247 5471 2391 5538 Primum
2414 5494 2476 5540 au·

461 5563 610 5629 minister
619 5560 802 5648 Evangelii,
821 5560 948 5625 babens
967 5562 1165 5638 rnandatum,
1179 5571 1212 5623 ut
1223 5559 1439 5645 Evangelinm
1461 5541 1466 5608 Ι
1489 5566 1555 5620 tem
1584 5552 1739 5623 refutatio
1762 5563 1844 5623 baec
1867 5559 2010 5622 tenenda
2028 5571 2089 5624 est.

520 4832 651 4912 ludex
666 4861 746 4912 nnn
769 4843 904 4940 potest
918 4831 1138 4932 absolvere,
1160 4829 1233 4910 nisi
1257 4859 1376 4911 cansa

582 4952 753 5058 cognita.
1258 4967 1261 4972 ’

520 5073 664 5154 Pastor
695 5083 757 5151 est
781 5071 922 5151 ludex.

520 5191 628 5302 Ergo
650 5219 814 5271 neeesse
838 5204 900 5271 est
921 5192 1003 5270 fieri
1021 5190 1302 5298 cognitionem,
1325 5190 1395 5299 ad·
1460 5267 1465 5280 ,

581 5342 705 5421 quam
743 5312 965 5392 neccssaria
1008 5324 1070 5391 est
1108 5310 1376 5391 Enumeratio.
