5892 6709
427 666 532 734 ,aar
981 659 986 668 ·
1103 604 1216 729 ran.
1239 657 1346 727 nnn
1369 657 1857 757 scarrrnnocnnrrca
2292 753 2295 760 Ι
2428 665 2498 734 aas
2531 610 2552 742 J

463 876 562 922 mana
582 854 763 920 autoritate
783 849 911 920 nullum
933 852 1125 919 mandatum
1154 848 1324 917 secundae
1344 846 1454 917 Tabu-
1504 870 1548 917 na
1569 848 1752 938 intelligere
1774 852 1935 931 ordinem,
1958 872 2056 938 quem
2079 861 2113 916 et
2133 852 2221 918 inter
2241 849 2395 919 homines
2418 874 2498 921 san·

464 938 520 1007 lae
542 938 670 1008 aboleri
690 939 810 1026 possit.
1503 939 1554 1002 xit
1572 935 1680 1018 Dens,
1701 947 1735 1002 et
1756 937 1882 1005 iustitia
1903 949 1956 1003 est
1986 934 2201 1004 conformitas
2223 957 2299 1004 cnm
2322 936 2499 1008 voluntate

967 1078 969 1086 .
1505 1023 1628 1104 divina,
1674 1044 1737 1088 uae
1759 1022 1830 1089 vult
1851 1021 1943 1089 hune
1963 1023 2115 1089 ordinem
2135 1025 2276 1090 servari
2310 1024 2407 1092 Siout
2428 1025 2498 1093 De·

550 1110 614 1177 Est
636 1109 670 1177 'at
692 1110 877 1176 Antithesis
898 1108 1053 1195 opposita
1076 1108 1182 1174 errori
1197 1105 1453 1195 Hypocritarurn
1503 1129 1546 1175 ns
1569 1045 1716 1175 condldtt
1736 1106 1900 1187 homines,
1923 1129 1992 1175 non
2011 1121 2049 1176 ut
2070 1111 2309 1195 perirentsed
2320 1125 2358 1179 ut
2367 1126 2499 1193 essent,

419 1234 424 1243 ·
467 1199 613 1265 omnium
635 1208 830 1282 temporum,
863 1197 920 1282 qui
941 1192 1135 1280 praeferunt
1158 1192 1374 1259 Ceremonias
1406 1190 1454 1257 la·
1504 1197 1556 1261 sic
1577 1193 1649 1261 vult
1670 1206 1827 1280 parentes
1850 1197 1990 1283 gignere
2012 1206 2046 1262 et
2067 1198 2181 1284 genita
2203 1217 2358 1278 servare,
2393 1210 2427 1265 et
2447 1202 2498 1266 vi·

464 1287 604 1351 boribus
627 1284 863 1349 Oeconomicis
896 1292 930 1350 et
948 1277 1099 1347 Politicis
1132 1301 1153 1346 a
1180 1280 1255 1345 Deo
1277 1280 1452 1358 mandatis,
1504 1282 1618 1350 cissim
1652 1279 1743 1369 diligi
1775 1291 1933 1368 parentes
1966 1303 1987 1347 a
2020 1284 2153 1370 genitis.
2210 1280 2292 1349 Vult
2319 1295 2354 1350 et
2374 1285 2499 1351 deinde

464 1382 502 1438 ut
534 1369 692 1437 Monaehi
723 1389 805 1434 suos
834 1368 918 1434 ritus
943 1367 1115 1433 nominant
1147 1363 1398 1454 perfectionem,
1420 1377 1454 1430 et
1505 1377 1661 1434 caeteros
1695 1387 1784 1447 esse,
1816 1388 1885 1433 non
1919 1364 2034 1448 deleri,
2068 1368 2158 1434 unde
2191 1380 2270 1435 sunt
2297 1390 2420 1455 praece
2443 1371 2507 1436 ta:¹

464 1454 568 1544 longe
600 1453 788 1520 anteferunt
820 1454 910 1520 vitae
938 1453 1186 1520 Oeconomioue
1217 1462 1251 1518 et
1272 1450 1452 1517 Politicae=
1504 1453 1641 1519 Honora

464 1542 560 1609 'l'rrue
581 1542 679 1607 etlam
700 1537 866 1606 sacrificia
885 1536 985 1606 valde
1006 1549 1210 1627 quaestuosa
1231 1549 1345 1618 erant,
1366 1538 1454 1603 sieut
1503 1541 1581 1606 inde
1613 1475 1685 1605 rull
1716 1536 1856 1627 intelligi
1877 1538 1988 1607 Deum
2017 1559 2096 1606 esse
2118 1552 2248 1608 castum
2269 1553 2304 1608 et
2324 1562 2498 1623 veracem,

464 1628 572 1696 blissa
589 1630 679 1710 apud
700 1622 924 1693 sacrificulos.
961 1626 1038 1694 ldeo
1060 1624 1328 1711 amplificabatur
1350 1624 1454 1710 digni·
1504 1638 1538 1692 et
1560 1644 1623 1691 nos
1646 1627 1768 1691 debere
1790 1628 1822 1692 el
1844 1622 2034 1693 conformes
2054 1647 2131 1693 esse
2153 1629 2187 1694 in
2210 1629 2367 1693 castitate
2389 1639 2496 1695 etve-

342 1763 345 1771 .
465 1725 520 1781 tas
551 1712 803 1800 sacrificiorum,
835 1733 922 1800 quae
954 1710 1055 1778 stulte
1093 1708 1347 1779 cumulabantur
1379 1710 1453 1776 sine
1502 1712 1659 1777 recitatae
1703 1711 1781 1777 hinc
1814 1723 1893 1779 sunt
1912 1725 2107 1798 praecepta:
2151 1714 2228 1778 Non
2250 1714 2498 1795 moechaberis,

465 1800 624 1867 mandato
647 1800 771 1866 divino.
1503 1798 1580 1863 Non
1601 1798 1694 1863 dices
1716 1795 1839 1865 falsum
1860 1799 2094 1864 testimonium.
2149 1798 2389 1885 Praeceptum,
2418 1802 2498 1867 Non

1502 1883 1625 1950 furtum
1647 1883 1764 1964 facies,
1781 1884 1884 1951 habet
1905 1883 2045 1951 similem
2057 1904 2204 1965 causam,
2220 1896 2498 1972 ntpraeceptnm,

553 1968 654 2037 Tales
676 1969 930 2057 superstitiones
941 1980 1097 2035 taxantur
1107 1969 1196 2035 dicto
1208 1965 1345 2046 Christi,
1361 1967 1454 2053 quod
1503 1970 1579 2035 Non
1603 1971 1750 2049 occidas,
1774 1972 1850 2057 quia
1872 1967 2047 2037 inferiores
2070 1968 2204 2057 spoliati
2227 1969 2314 2037 farne
2335 1974 2498 2057 perirent.

467 2054 676 2124 dilectionem
699 2053 852 2135 antefert,
873 2056 961 2122 sicat
982 2055 1172 2141 Prophetae
1194 2076 1296 2140 saepe
1318 2054 1452 2131 docent,
1504 2053 1653 2141 Utraque
1675 2057 1774 2142 igitur·
1796 2054 1910 2122 tabula
1932 2059 2095 2137 ostendit,
2126 2056 2233 2145 qualis
2267 2058 2389 2124 debeat
2416 2080 2500 2125 esse

468 2142 580 2209 Oseae
600 2143 633 2207 6.
677 2141 940 2208 Misericordiam
961 2138 1054 2220 volo,
1087 2162 1155 2207 non
1177 2140 1396 2218 sacrificium,
1418 2149 1453 2203 et
1506 2144 1539 2206 in
1560 2141 1695 2207 homine
1718 2139 1935 2208 conformitas
1957 2145 2002 2209 ad
2024 2146 2221 2227 sapientiam
2243 2154 2276 2209 et
2289 2143 2452 2211 iustitiam
2464 2147 2500 2211 in

466 2230 639 2295 scientiam
660 2227 726 2294 Dei
748 2226 923 2313 plusquam
950 2225 1165 2306 holocausta,
1187 2227 1220 2291 id
1243 2239 1306 2307 est,
1322 2225 1453 2311 praeei-
1504 2226 1580 2294 Deo
1599 2247 1681 2314 erga
1702 2230 1810 2313 ipsrun
1833 2241 1867 2293 et
1888 2249 1970 2316 erga
1990 2228 2142 2296 homines
2163 2242 2302 2315 propter
2322 2231 2442 2315 ipsum.
2566 2259 2574 2268 ·

465 2316 522 2401 pio
544 2335 659 2381 veram
681 2313 882 2400 agnitionem
905 2324 939 2378 et
958 2315 1202 2380 invocationem
1223 2312 1300 2393 Dei,
1324 2313 1366 2377 de
1388 2330 1455 2397 que

464 2402 572 2487 prima
594 2399 708 2466 tabula
724 2397 889 2486 Deealogi
912 2401 1139 2479 concionatur,
1161 2412 1195 2465 et
1215 2398 1385 2486 praecipio
1398 2399 1454 2460 be·
1592 2397 1656 2463 Est
1688 2411 1797 2465 autem
1818 2398 2161 2466 secundaeTabulae
2188 2402 2330 2486 primunr
2357 2422 2503 2486 praece·

438 2485 673 2562 ¹nelicentiam
706 2505 743 2551 er
767 2507 787 2550 a
809 2486 979 2565 homines,
1013 2487 1054 2551 de
1076 2506 1142 2571 qna
1168 2487 1319 2551 secunda
1339 2481 1456 2549 tabula
1507 2496 1618 2571 ptum:
1641 2483 1777 2550 Honora
1799 2498 1927 2572 patrem
1945 2499 1978 2551 et
1996 2497 2145 2558 matrem,
2168 2487 2245 2574 quia
2260 2488 2410 2555 ordinem
2421 2509 2501 2574 per·

435 2565 622 2660 linquitur,
654 2572 698 2638 Et
761 2569 929 2637 cclesiast.
963 2571 997 2639 4.
1039 2569 1179 2637 Custodi
1211 2572 1330 2655 pedem
1353 2580 1455 2647 tunm,
1510 2593 1669 2637 sonarum
1691 2571 1830 2656 primum
1853 2574 2008 2638 constitui
2028 2581 2169 2658 oportet.
2212 2571 2342 2660 Estque
2363 2578 2500 2661 primus

467 2680 544 2725 cum
566 2660 701 2724 accedis
721 2659 764 2725 ad
787 2658 919 2724 domam
935 2654 1012 2737 Del,
1035 2669 1069 2722 et
1090 2659 1331 2744 appropinqua,
1350 2667 1456 2721 utau·
1509 2657 1633 2744 gradus
1670 2658 1796 2742 imperii
1829 2660 1992 2725 autoritas
2030 2671 2214 2744 parentum.
2281 2658 2504 2730 lnelndantur

466 2744 541 2812 dias
563 2745 673 2829 potins
696 2764 795 2831 quam
817 2754 854 2808 ut
875 2742 997 2808 offeras
1018 2744 1171 2809 victimas
1194 2741 1383 2821 stultorum,
1400 2740 1457 2827 qui
1509 2764 1591 2830 ergo
1623 2744 1657 2806 in
1690 2742 1757 2809 hoc
1789 2755 2004 2829 praeceptum
2027 2742 2094 2809 alia
2122 2746 2251 2831 passim
2279 2748 2420 2827 tradita,
2456 2749 2504 2814 de

467 2831 632 2909 nesciunt,
655 2843 813 2916 quantum
833 2825 960 2909 sapiant
979 2825 1067 2893 mali.
1509 2829 1697 2894 obedientia
1730 2831 1841 2918 debita
1873 2828 2028 2917 legitimis
2061 2828 2332 2917 Magistratibus,
2373 2835 2504 2919 quibus

482 2951 484 2954 -
1509 2913 1606 2980 Deus
1629 2916 1764 2980 tradidit
1784 2914 1896 2982 locum
1917 2927 2108 3001 parentum,
2137 2929 2171 2982 et
2192 2938 2320 2983 summa
2342 2940 2504 3006 compre·

553 2999 609 3065 Ad
630 2999 715 3066 haec
736 3001 926 3066 testimonia
946 3000 1170 3086 adiungantur
1189 2997 1256 3065 alia
1284 2996 1402 3064 similia
1423 2999 1457 3062 in
1509 3002 1616 3067 lrensa
1637 3013 1690 3066 est
1711 3000 1807 3068 Rom.
1832 3001 1896 3083 13,
1931 3001 2029 3068 Unde
2060 3000 2194 3091 longior
2227 3001 2411 3071 declaratio
2443 3026 2505 3074 su·

468 3088 686 3153 concionibus
709 3085 962 3171 Prophetarum.
1006 3083 1197 3151 Illustratur
1218 3086 1340 3151 dietum
1363 3083 1457 3150 chn-
1510 3099 1629 3152 matur.

466 3175 511 3239 sti
545 3185 579 3238 et
610 3173 675 3239 hac
698 3172 897 3238 differentiae
942 3171 1158 3238 Gerenroniae
1179 3171 1279 3237 etiam
1301 3171 1458 3236 divinitus
1903 3237 1911 3251 ¹
2034 3204 2038 3215 ·

466 3260 608 3325 traditae
616 3260 654 3330 in
673 3259 989 3338 casn·necessitatis
1012 3258 1117 3323 omitti
1139 3268 1300 3341 possunt,
1330 3269 1366 3321 ut
1388 3255 1457 3320 Da·
1595 3255 1808 3325 Vocabulum
1829 3257 1966 3324 honoris
1989 3270 2059 3325 tres
2089 3260 2215 3348 gradus
2243 3256 2502 3347 complectitur:

467 3345 525 3411 vid
548 3346 693 3410 comedit
715 3355 820 3429 panes
842 3345 1105 3430 propositionis,
1137 3345 1200 3409 sed
1228 3340 1367 3408 moralia
1389 3363 1458 3408 non
1509 3342 1743 3410 Reverentiam
1765 3345 1799 3408 irr
1828 3356 1937 3410 mente
1963 3356 2101 3430 propter
2121 3344 2248 3425 Deum,
2281 3345 2415 3414 Deinde
2440 3369 2503 3416 ex·

466 3429 592 3496 habent
613 3428 714 3495 talenr
737 3433 977 3517 exceptionem,
1001 3444 1035 3496 et
1057 3432 1254 3515 semper·de
1274 3427 1327 3494 his
1344 3440 1458 3494 tenen·
1510 3442 1637 3495 ternam
1659 3431 1901 3509 obedientiam,
1922 3430 2035 3496 'fertio
2057 3437 2219 3495 ἐπιείκειαν
2239 3434 2271 3496 ἰιι
2295 3434 2504 3519 quibusdam

468 3516 512 3581 da
530 3526 582 3580 est
603 3515 739 3601 regula:
761 3517 838 3581 Non
860 3528 937 3581 sunt
959 3515 1113 3582 facienda
1135 3513 1233 3595 mala,
1255 3516 1459 3581 uteveniant
1510 3516 1630 3581 erratis
1653 3529 1826 3599 parentum
1849 3529 1882 3581 et
1897 3515 2161 3603 'Magistratuum
2178 3515 2373 3585 tolerandis.

466 3603 570 3679 bona,
619 3603 671 3666 uia
692 3596 789 3666 Deus
811 3599 1056 3667 immutabiliter
1076 3601 1225 3688 postulat
1245 3602 1278 3666 ia
1300 3612 1410 3665 mente
1425 3612 1459 3664 et

469 3688 572 3768 corde
593 3621 736 3752 {ominis
759 3687 1023 3754 conformitatem
1045 3708 1121 3752 cunr
1141 3687 1227 3771 ipso.
1266 3725 1269 3730 -
1595 3684 1725 3751 Primus
1748 3688 1873 3773 gradus
1895 3688 2034 3753 honoris
2057 3700 2109 3753 est
2129 3686 2316 3776 intelligere
2339 3692 2499 3759 ordinem

1465 3793 1473 3810 ·
1510 3773 1667 3851 divinum,
1689 3784 1722 3837 et
1766 3772 2002 3857 ropterDennr
2022 3776 2177 3841 venerati
2198 3774 2287 3841 hunc
2304 3777 2416 3862 ipsum
2442 3799 2502 3843 or-

554 3858 761 3924 Discendnm
794 3868 829 3923 et
860 3854 927 3923 lroe
959 3868 1012 3923 est
1044 3879 1086 3923 ex
1117 3853 1176 3922 illo
1210 3856 1299 3922 dioto
1322 3854 1457 3934 Christi,
1510 3857 1630 3937 dinem,
1653 3869 1686 3922 et
1704 3794 1793 3924 velle
1816 3860 1935 3926 subiici
1958 3858 2157 3927 Parentibus
2181 3872 2213 3927 et
2225 3861 2501 3949 magistratibus,

468 3946 561 4033 qnod
582 3942 695 4010 officia
718 3944 944 4010 Oeconomico
966 3954 1000 4008 et
1027 3939 1169 4008 Politice
1198 3962 1279 4009 vere
1301 3944 1368 4009 sint
1390 3940 1459 4008 cul·
1509 3942 1664 4009 videlicet
1686 3946 1802 4009 ordine
1825 3946 1955 4010 divino:
1977 3947 2062 4030 Nam
2085 3948 2271 4034 cuicunque
2292 3939 2498 4017 tribuendus

467 4044 523 4099 tus
540 4028 624 4111 Dei,
650 4033 685 4096 in
706 4028 759 4095 his
793 4028 938 4117 quidde
966 4027 1171 4097 reconciliati
1193 4036 1285 4102 sunt,
1318 4039 1352 4094 et
1373 4028 1458 4094 refe-
1509 4041 1563 4095 est
1583 4028 1703 4111 honos,
1736 4042 1874 4116 propter
1895 4029 2020 4118 aliquid
2042 4033 2187 4101 divinum
2210 4035 2407 4101 tribuendus
2431 4051 2500 4103 est.
2569 4061 2578 4072 ·

468 4130 547 4185 runt
579 4117 665 4182 haec
698 4137 802 4205 opera
824 4117 867 4181 ad
889 4115 1034 4182 debitum
1056 4115 1167 4196 linem,
1200 4117 1319 4195 idest,
1351 4127 1388 4182 ut
1409 4127 1458 4180 te·
2094 4170 2096 4176 .
2131 4133 2134 4137 ’
2354 4129 2356 4133 ’

468 4215 598 4269 stentur
619 4224 660 4270 eo
683 4223 786 4289 opere
807 4201 896 4267 hunc
913 4222 990 4268 esse
1010 4201 1138 4280 Deum,
1160 4221 1258 4287 quem
1281 4197 1405 4281 colunt,
1425 4213 1458 4266 et
1593 4200 1656 4267 Est
1683 4213 1793 4268 autem
1823 4204 1896 4286 ipse
1927 4204 2010 4270 ordo
2038 4226 2123 4290 opus
2152 4207 2334 4289 sapientiae
2363 4205 2433 4274 Dei
2463 4203 2499 4275 ei

468 4287 580 4355 Deum
611 4287 702 4356 velle
723 4291 775 4354 sic
798 4286 880 4369 coli,
908 4299 942 4353 et
962 4286 1030 4353 hac
1053 4287 1243 4353 obedientia
1265 4286 1341 4352 Deo
1361 4307 1458 4373 prae-
1508 4287 1730 4353 testimoninm
1751 4288 1891 4370 deDeo,
1913 4301 1947 4355 et
1969 4292 2010 4355 de
2026 4293 2244 4376 providentia,
2266 4304 2370 4359 utres
2383 4296 2496 4379 ipsae,

469 4385 559 4441 stent
581 4376 725 4441 debitum
747 4373 932 4440 honorem:
956 4376 1043 4439 sieut
1065 4370 1174 4439 cultus
1195 4371 1261 4438 Dei
1283 4384 1337 4438 est
1358 4373 1457 4439 easti-
1510 4375 1694 4460 generatio,
1716 4385 1750 4439 et
1770 4375 1900 4441 sobolis
1923 4379 2145 4445 conservatio.
2185 4377 2316 4444 Deinde
2338 4382 2498 4447 custodia

468 4471 522 4526 tas
544 4460 677 4547 loseph.
721 4460 814 4541 ltem,
835 4457 954 4525 Militia
974 4458 1126 4526 Davidis.
1155 4463 1244 4539 ltem,
1267 4457 1386 4526 Omnia
1408 4456 1457 4524 of·
1509 4460 1693 4539 societatis,
1704 4459 1752 4525 Le
1833 4463 2073 4543 ,iudiciorum
2093 4465 2290 4550 pacis-non
2312 4464 2396 4532 fiunt
2419 4469 2496 4534 sine

468 4545 555 4620 licia
568 4544 816 4634 patrisfamllias
838 4560 873 4614 et
893 4544 1162 4613 matrisfamilias.
1316 4585 1326 4617 ι
1509 4544 1633 4612 amrilio
1653 4544 1730 4612 Dei.
1780 4560 1878 4635 taque
1900 4547 2125 4632 praesentiam
2140 4550 2204 4616 Dei
2226 4553 2259 4616 in
2278 4553 2436 4640 coniugio
2462 4566 2497 4619 et

588 4643 592 4654 ·
1508 4633 1607 4696 inim
1653 4633 1709 4697 riis
1732 4636 1885 4719 aspicere
1914 4636 2088 4710 debemus,
2122 4649 2157 4702 et
2177 4637 2241 4704 has
2270 4642 2333 4726 r'es
2354 4649 2496 4726 propter

1457 4773 1467 4788 ,
1508 4714 1603 4783 DEU
1661 4720 1815 4785 venerari
1838 4731 1872 4785 et
1893 4719 2044 4808 diligere.

631 4876 801 4964 Honora
830 4879 996 4964 Patrem
1026 4890 1071 4962 et
1099 4878 1288 4963 Matrem.
1443 4909 1447 4918 ¹
1594 4886 1687 4954 llaec
1698 4892 1888 4957 reverentia
1906 4892 1942 4958 in
1956 4903 2066 4959 mente
2076 4895 2203 4979 primus
2215 4867 2340 4981 gradus
2351 4894 2495 4962 honoris

1448 4984 1452 5006 ¹
1508 4985 1569 5041 est.
1611 4974 1743 5041 Deinde
1763 4979 1904 5042 accedat
1921 4988 2060 5044 externa
2077 4980 2277 5062 obedientia,
2298 4983 2340 5046 de
2356 5003 2426 5068 qna
2445 4994 2496 5048 te·

1508 5071 1626 5128 neatur
1647 5060 1783 5149 regula:
1803 5063 1956 5130 Necesse
1974 5076 2027 5129 est
2047 5059 2186 5132 bbedire
2203 5087 2271 5133 non
2287 5065 2397 5133 solum
2440 5089 2496 5134 ro·

511 5149 584 5217 Lex
594 5146 734 5216 llloralis
746 5160 799 5215 est
815 5150 981 5233 sapientia
997 5159 1031 5215 et
1041 5167 1157 5214 norma
1167 5144 1457 5225 iustitiaeinDeo,
1508 5158 1584 5231 pter
1604 5149 1706 5227 iram,
1735 5150 1796 5215 scd
1818 5150 1916 5216 etiarn
1937 5161 2074 5237 propter
2100 5153 2351 5220 conscientiam.
2430 5175 2498 5222 aee

391 5227 397 5242 '
468 5236 638 5323 patefacta
660 5250 836 5304 creaturae
856 5234 1008 5301 rationali
1025 5247 1090 5301 etc.
1123 5232 1183 5302 Est
1199 5247 1311 5303 autem
1332 5232 1457 5320 primus
1509 5234 1675 5300 sententia
1696 5244 1837 5300 testatur
1857 5248 2033 5322 peceatum
2055 5236 2194 5304 mortale
2212 5261 2301 5320 esse,
2320 5251 2497 5308 contuma-

407 5349 410 5358 ·
511 5326 596 5390 adua
621 5324 809 5411 sapientiae
831 5341 913 5388 vera
931 5319 998 5387 Dei
1019 5322 1163 5409 agnitio,
1198 5334 1232 5388 et
1253 5333 1291 5389 ut
1311 5318 1458 5387 vivificet
1511 5321 1595 5387 eiter-
1615 5313 1743 5388 violare
1769 5323 1879 5388 edicta
1899 5321 2036 5409 politica
2058 5321 2200 5395 civilium
2223 5325 2496 5414 magistratuum.

504 5431 565 5477 eus
599 5423 786 5477 ereaturam
818 5405 1031 5487 rationalem,
1061 5404 1134 5474 vult
1154 5408 1188 5472 in
1211 5430 1253 5476 ea
1273 5406 1400 5486 lucere,
1423 5415 1459 5472 et
2435 5487 2438 5492 Ι

469 5496 521 5584 sle
551 5493 609 5563 illa
641 5497 679 5563 fit
710 5520 811 5565 unum
833 5516 910 5564 cum
931 5515 985 5576 eo,
1018 5504 1053 5560 et
1074 5494 1221 5562 vicissim
1242 5514 1319 5561 eum
1339 5490 1457 5579 diligit,
2474 5513 2478 5518 ·

468 5580 518 5653 lta
538 5581 576 5652 lit
595 5582 628 5651 el
649 5582 843 5654 conformis.
885 5581 1019 5652 Deinde
1038 5580 1205 5668 sapientia
1225 5590 1279 5648 est
1293 5579 1329 5647 ln
1354 5577 1459 5648 bomi-
1595 5577 1727 5648 Tertius
1753 5581 1881 5670 gradus
1909 5592 1963 5649 ast
1982 5586 2128 5649 ἐπιείκεια
2153 5585 2189 5650 in
2211 5581 2396 5652 tolerandis
2419 5588 2497 5676 qul·

1686 1465 1789 1520 auem
1812 1466 1846 1519 et
1866 1456 2016 1519 matrem.
2060 1455 2136 1522 Non
2159 1457 2298 1530 occides
2318 1467 2382 1522 etc.
2409 1491 2423 1510 κ
2464 1478 2500 1523 e·
2584 1505 2588 1510 -
