5892 6709
928 602 1061 670 483
2193 600 2419 667 PHlL.
2441 601 2647 670 MEL.
2692 599 3073 668 SCMPTA
3112 598 3674 692 DOGMATICA.
4832 607 4971 677 484

1103 788 1533 877 Respondeo.
1623 787 1941 855 Concedo
1986 800 2232 870 totum,
2277 789 2350 855 Si
2396 787 2665 857 dilectio
2708 788 2895 856 intel·
2933 805 2949 861 1
3166 787 3569 874 Simpliciter
3610 792 3999 877 responderi
4036 803 4280 876 potest,
4325 794 4501 860 sicut
4543 806 4765 875 antea,
4826 795 4965 863 Ne-

927 876 1187 964 ligatur
1228 881 1375 943 sine
1420 876 1851 963 ambiguitate
1894 876 1979 940 de
2024 874 2415 957 dilectione,
2459 898 2635 964 quae
2678 889 2783 942 est
2823 879 2891 943 in
2995 896 3086 963 go
3130 877 3699 962 consequentiam,
3746 880 3900 964 quia
3944 891 4047 943 est
4089 875 4359 944 fallacia
4401 902 4444 945 a
4488 899 4623 946 non
4656 902 4866 948 causa
4888 895 4967 950 ut

928 963 1082 1031 Deo
1140 984 1304 1051 erga
1363 983 1486 1028 nos
1531 973 1804 1047 propter
1846 958 2102 1029 Filium.
2181 964 2297 1028 ·Ae
2339 984 2622 1048 prorsus
2667 984 2893 1042 corre·
2995 982 3221 1027 causa.
3306 960 3451 1027 Etsi
3500 966 3880 1029 necessario
3926 965 4121 1030 adest
4164 963 4432 1032 dilectio
4474 968 4541 1032 in
4580 969 4969 1036 conversim

927 1048 1180 1117 lativae
1225 1063 1381 1115 sunt
1421 1049 1948 1134 propositiones:
2010 1048 2172 1112 Fide
2207 1049 2664 1128 iustificantur,
2709 1061 2774 1113 et
2818 1047 2893 1114 il·
2993 1059 3214 1112 tamen
3284 1069 3414 1112 non
3483 1062 3587 1114 est
3650 1070 3855 1115 causa
3897 1050 4416 1118 lustilicationis.
4504 1050 4637 1120 -Alii
4684 1075 4970 1140 respon·

928 1134 1002 1203 la
1058 1135 1452 1214 dilectione,
1519 1156 1651 1220 qua
1698 1133 1888 1200 Deus
1930 1154 2057 1199 nos
2104 1132 2311 1222 diligit
2347 1149 2621 1221 propter
2661 1134 2894 1201 Filium
2996 1135 3178 1209 dent,
3246 1134 3335 1206 ibi
3397 1131 3581 1221 loqui
3628 1133 3907 1202 Paulum
3972 1138 4056 1201 de
4100 1137 4263 1204 Fide
4331 1160 4503 1225 quae
4568 1150 4676 1204 est
4715 1142 4971 1207 donum

928 1221 1419 1299 iustificantem,
1485 1222 1639 1306 quia
1705 1220 1873 1285 haec
1939 1218 2210 1285 dilectio
2270 1236 2377 1285 est
2421 1222 2894 1301 misericordia,
2994 1215 3281 1284 faciendi
3324 1219 3665 1299 miracula,
3706 1241 3836 1288 nec
3879 1222 4318 1306 reprehendo.
4408 1223 4545 1290 Sed
4591 1222 4806 1292 altera
4852 1248 4968 1293 so-

930 1331 1064 1393 qua
1127 1321 1402 1392 propter
1457 1303 1692 1370 Filium
1755 1306 2132 1390 recipimur,
2197 1320 2268 1371 ut
2336 1304 2586 1374 Paulus
2650 1308 2892 1393 inquit:
2993 1300 3157 1370 lutio
3203 1318 3310 1370 est
3354 1305 3740 1395 simplicior,
3784 1321 3854 1375 et
3895 1306 4100 1374 multa
4141 1308 4380 1378 similia
4421 1313 4604 1406 dicta
4647 1310 4973 1399 explicat.

929 1399 1172 1462 Sumus
1217 1392 1442 1458 dilecti
1485 1393 1551 1456 in
1598 1389 1770 1457 Deo.
1862 1390 1945 1457 Et
1989 1390 2314 1460 Dominus
2359 1395 2600 1478 inquit:
2665 1393 2768 1458 Sit
2802 1394 2896 1457 di-

925 1477 1124 1547 lectio
1169 1490 1282 1544 tua
1327 1480 1392 1544 in
1440 1480 1562 1558 eis,
1609 1499 1743 1564 qua
1786 1498 1895 1543 me
1939 1476 2181 1564 diligis.
2270 1478 2498 1544 luban.
2551 1480 2651 1543 17.
2698 1479 2892 1552 Quod

925 1569 1173 1634 dictum
1215 1585 1481 1649 semper
1523 1567 1609 1630 sit
1653 1565 1719 1628 in
1768 1576 2169 1647 conspectu,
2214 1567 2369 1651 quid
2414 1565 2586 1629 enim
2631 1562 2892 1631 dulcius

929 1654 1058 1720 dici
1101 1664 1363 1738 potest,
1427 1672 1626 1737 quam
1651 1651 1849 1735 ‚quod
1892 1647 2327 1735 Filius-petit,
2371 1663 2444 1717 ut
2485 1654 2571 1717 ab
2617 1665 2893 1719 aeterno

924 1737 1129 1804 Patre
1173 1736 1560 1825 diligamur,
1623 1737 1796 1802 sicut
1855 1738 1874 1800 i
1925 1756 2002 1801 se
2063 1735 2406 1823 diligitur?
2525 1736 2711 1803 Haec
2789 1749 2895 1802 est

924 1826 1287 1913 praecipua
1351 1824 1705 1910 responsio
1750 1823 1838 1887 ad
1931 1844 2013 1888 oc
2058 1834 2541 1908 argumentum.
2630 1821 2892 1890 Deinde

3804 1653 3834 1684 ·-
3883 1633 4061 1700 Vlll.

3767 1804 4073 1872 Danielis
4116 1807 4184 1872 4.

931 1911 1219 1976 addatur
1263 1907 1651 1974 Antithesis.
1741 1905 1907 1972 Cum
1953 1908 2269 1993 Papistae
2313 1910 2571 1976 dic-m
2615 1908 2891 1975 Dilecti-

928 2016 1059 2063 one
1094 1994 1551 2075 iustificamur‚
1586 1990 1965 2080 intelligunt
2010 1992 2464 2076 dilectionem,
2509 2017 2643 2083 qua
2684 1994 2891 2059 homi·

926 2102 1051 2148 nes
1095 2080 1314 2146 Deum
1361 2078 1663 2168 diligunt.
1751 2079 1936 2146 Haec
1981 2079 2222 2163 procul
2263 2084 2458 2147 abest
2497 2103 2539 2146 a
2585 2080 2903 2167 perfecti:

928 2188 1057 2235 one
1100 2167 1308 2255 Legis
1379 2168 1445 2232 in
1513 2165 1641 2231 bac
1684 2167 1854 2245 vita,
1920 2187 2044 2233 nec
2101 2180 2391 2232 meretur
2435 2168 2892 2232 remissionem

925 2267 1379 2341 peccatorum,
1414 2273 1542 2318 nec
1585 2264 1689 2318 est
1718 2250 1832 2316 illa
1879 2273 2011 2332 reS,
2046 2259 2322 2340 propter
2356 2275 2553 2341 quam
2594 2273 2892 2340 persona

927 2351 1034 2407 est
1066 2342 1262 2420 iusta,
1306 2340 1372 2404 id
1409 2351 1538 2418 est,
1581 2334 2005 2403 reconciliata
2052 2350 2120 2403 et
2156 2353 2437 2426 accepta
2462 2360 2688 2405 coram
2713 2338 2888 2420 Deo,

926 2427 1052 2493 sed
1095 2437 1203 2492 est
1246 2425 1526 2493 effectus
1570 2444 1863 2510 sequens
1907 2425 2168 2489 Fidem.-

1849 2662 1964 2730 vl.

1604 2833 1940 2899 lohannes
1983 2833 2225 2921 inquit:

1047 3012 1213 3118 Qui
1271 3042 1439 3097 non
1500 3013 1780 3124 diligit,
1842 3025 2126 3095 manet
2182 3012 2268 3096 in
2328 3024 2615 3119 morte,
2663 3017 2671 3026 '

1042 3134 1261 3247 Ergo
1321 3163 1490 3218 non
1550 3135 1719 3218 sola
1779 3134 1945 3216 fide
2007 3133 2215 3216 vivit.
2273 3135 2543 3217 hom0.
2756 3129 2760 3134 ’

1094 3332 1523 3421 Respondeo.
1565 3313 1776 3419 Nego*
1807 3334 2374 3419 consequentiam,
2418 3334 2573 3419 quia
2614 3343 2722 3399 est
2763 3331 2886 3399 fal·

921 3418 1099 3486 lacia
1142 3442 1184 3484 a
1226 3442 1359 3485 non
1408 3441 1616 3484 causa
1659 3431 1733 3484 ut
1781 3441 2005 3485 causa.
2098 3421 2527 3485 Antecedens
2572 3418 2887 3504 simplici-

923 3518 1030 3573 ter
1059 3526 1290 3582 verum
1327 3518 1451 3584 est,
1498 3507 1626 3579 Qui
1662 3525 1795 3569 non
1837 3504 2069 3591 diligit,
2094 3519 2316 3571 manet
2340 3508 2401 3571 in
2429 3519 2662 3573 morte.
2710 3506 2884 3581 Quia
2929 3511 2942 3603 Ι

922 3592 1346 3659 verissimum
1370 3604 1498 3670 est,
1547 3594 1726 3676 quod
1770 3593 1834 3653 in
1884 3612 2213 3657 converso
2258 3606 2412 3658 sunt
2435 3594 2635 3659 Fides
2679 3609 2747 3659 et
2769 3592 2885 3657 Di-

922 3675 1154 3757 lectio,
1200 3699 1332 3764 qua
1375 3679 1508 3741 fide
1553 3676 1918 3740 clamamus
1965 3677 2162 3742 Abba
2195 3690 2403 3763 pater.
2495 3679 2677 3759 ltem,
2721 3680 2884 3744 Fide

922 3765 1287 3849 accipimus
1335 3764 1649 3849 Spiritum
1698 3776 2039 3842 sanctum,
2093 3765 2202 3849 qui
2249 3777 2354 3828 est
2397 3763 2686 3849 Spiritus
2731 3786 2883 3850 gra·

918 3851 1053 3915 tiae
1098 3863 1163 3914 et
1203 3870 1500 3936 precum,
1542 3851 1610 3914 id
1657 3862 1784 3928 est,
1830 3871 1962 3935 quo
2006 3848 2161 3914 laeti
2206 3852 2527 3915 sentimus
2571 3872 2699 3916 nos
2721 3849 2885 3917 libc-

920 3948 1108 4002 ratos
1155 3957 1314 4001 esse
1361 3959 1401 4001 a
1446 3936 1790 4002 doloribus
1835 3934 2235 4016 inferorum,
2306 3950 2370 4002 et
2426 3958 2580 4003 esse
2626 3940 2690 4004 in
2785 3960 2886 4002 ra-

920 4025 1035 4101 tia,
1084 4035 1150 4087 et
1192 4022 1409 4089 Deum
1456 4026 1870 4100 invocamus,
1917 4034 1986 4087 et.
2029 4045 2155 4088 nos
2203 4025 2264 4088 ei
2309 4026 2715 4091 subiicimus.
2822 4039 2887 4088 st

919 4110 1123 4197 igitur
1187 4108 1501 4174 inchoata
1551 4110 1837 4174 dilectio.
1931 4108 2065 4173 Sed
2112 4129 2242 4174 non
2289 4113 2622 4197 sequiturx
2702 4112 2883 4197 Ergo

917 4194 1250 4261 iustificat·
1278 4196 1387 4260 vel
1435 4196 1745 4275 viviticat,
1817 4192 1929 4259 vel
1994 4206 2098 4260 est
2145 4217 2350 4260 causa
2395 4195 2884 4275 vivificationis,

917 4293 993 4345 ut
1038 4303 1187 4347 cum
1234 4282 1416 4346 dico:
1466 4281 1680 4346 Omne
1721 4282 1941 4345 vivum
1989 4280 2192 4346 habet
2227 4292 2510 4360 motum,
2555 4283 2705 4347 inde
2751 4303 2884 4347 non

920 4369 1260 4452 sequitur,
1323 4381 1571 4432 motum
1608 4364 1789 4431 illum
1837 4387 1991 4431 esse
2037 4369 2212 4433 vitae
2257 4388 2547 4433 causam.
2639 4371 2746 4435 Sic
2790 4370 2884 4433 di-

919 4449 1146 4531 lectio,
1213 4457 1338 4519 etsi
1386 4466 1491 4519 est
1535 4456 1602 4517 in
1649 4454 1988 4523 credente.
2047 4467 2266 4520 tamen
2303 4456 2643 4538 praecedit
2687 4454 2881 4538 fides,

919 4560 1053 4625 qua
1097 4537 1262 4603 fiunt
1305 4541 1681 4605 iustificatio
1731 4553 1796 4604 et
1822 4541 2201 4623 viviticatiO,
2245 4543 2428 4608 iuxta
2459 4543 2736 4609 dictum:
2780 4545 2883 4611 lu·
2930 4605 2932 4610 s

920 4624 1183 4691 stificati
1228 4626 1359 4692 fide
1402 4649 1636 4714 pacem
1680 4626 2024 4693 habemuS.

1823 4953 1969 5018 Vll.

1614 5127 1673 5191 l.
1720 5122 2021 5190 Corinth.
2074 5126 2172 5193 13.

3112 1946 3457 2031 Redime
3517 1960 3852 2059 peccata
3911 1961 4057 2033 tua
4118 1951 4691 2063 Eleemosynis,

3112 2067 3330 2180 Ergo
3357 2067 3593 2151 Bona
3633 2097 3879 2181 opera
3923 2082 4339 2155 merentur
4378 2074 4966 2208 remissionem.

3162 2265 3567 2352 Respondeo
3604 2268 3697 2331 'ad
3741 2270 4175 2349 antecedens,
4218 2272 4372 2357 quia
4414 2282 4635 2338 textus
4661 2294 4797 2338 non
4821 2284 4967 2339 tan·

2989 2361 3130 2417 tum
3173 2354 3467 2417 nominat
3501 2349 4007 2441 Eleemosynae,
4049 2357 4170 2423 sed
4215 2358 4401 2441 prius
4448 2360 4738 2425 nominat
4780 2361 4969 2425 iusti·

2992 2440 3169 2504 tiam.
3231 2438 3485 2504 lustitia
3527 2453 3743 2504 autem
3788 2441 4288 2525 comprehendit
4329 2445 4512 2510 initio
4558 2465 4779 2510 veram
4828 2445 4970 2513 Dei

2992 2526 3397 2611 agnitionem
3440 2540 3505 2590 et
3549 2524 3769 2605 fldem,
3815 2526 4058 2592 Libera
4099 2541 4168 2593 te
4212 2549 4254 2593 a
4295 2531 4590 2614 peccatis
4624 2531 4868 2598 iustitia
4891 2543 4966 2598 ct

2993 2612 3444 2677 misericordia
3490 2632 3566 2676 er
3617 2634 3658 2676 a
3699 2614 4006 2678 miseros.
4051 2610 4313 2680 Deinde
4357 2618 4656 2703 sequitur
4687 2637 4967 2704 expres-

2995 2718 3074 2761 sa
3115 2698 3508 2783 promissio=
3555 2632 3738 2763 {cce
3781 2701 3906 2764 erit
3947 2703 4209 2766 sanatio
4254 2700 4646 2783 delictorum
4669 2705 4967 2771 tuorum.

2947 2859 2950 2869 „
2993 2781 3181 2848 Haec
3237 2785 3444 2850 verba
3486 2782 3788 2849 Danielis
3855 2797 4012 2851 sunt
4069 2788 4290 2852 brevis
4338 2791 4573 2854 concio
4617 2792 4963 2874 poeniten-

2990 2869 3145 2949 tiae,
3189 2890 3360 2955 quae
3402 2867 3610 2934 multa
3651 2873 3945 2937 membra
3987 2872 4469 2957 complectitur,
4560 2896 4687 2941 uae
4728 2876 4965 2941 distin·

2992 2956 3258 3042 guenda
3301 2967 3369 3020 et
3412 2956 3789 3022 enarranda
3830 2968 3989 3022 sunt
4031 2979 4115 3023 ex
4156 2958 4305 3024 aliis
4340 2957 4512 3025 locis
4594 2959 4962 3047 ropheticis
5064 2957 5069 2966 '

2995 3051 3062 3105 et
3105 3038 3544 3128 ApostoliciS,
3612 3043 3724 3107 ubi
3771 3045 4003 3109 cadem
4051 3045 4354 3111 doctrina
4399 3048 4709 3113 distincte
4753 3069 4839 3114 ex

2989 3126 3189 3208 nitur,
3236 3140 3340 3193 ut·
3401 3131 3795 3195 oenitentiae
3839 3131 4075 3195 concio
4116 3142 4227 3198 est
4270 3135 4444 3217 apud
4475 3132 4779 3200 Esaiam=
4894 3154 4964 3200 e-

2990 3213 3186 3278 sinite
3229 3236 3330 3279 ma
3364 3212 3655 3295 efacere,
3702 3226 3770 3280 et
3812 3216 4050 3282 discite
4095 3214 4508 3284 benefacere.
4566 3217 4752 3286 Haec
4795 3239 4969 3317 pars·

2990 3311 3096 3364 est
3138 3300 3441 3365 doctrina
3484 3302 3933 3366 contritionis:
3981 3303 4298 3371 Secunda
4319 3324 4479 3391 pars
4523 3318 4629 3370 est
4670 3308 4959 3392 promise

2989 3386 3127 3450 sio=
3195 3385 3269 3451 Si
3330 3385 3576 3453 fuerint
3616 3395 3902 3474 peccata
3942 3402 4173 3457 vestra
4214 3403 4288 3456 ut
4330 3393 4703 3472 coccinum,
4770 3393 4956 3460 emin

2991 3473 3253 3538 candidi
3296 3484 3370 3539 ut
3410 3474 3542 3541 nix.

3159 3640 3288 3709 Hic
3353 3664 3618 3731 quoque
3674 3641 3882 3711 multa
3925 3648 4218 3713 membra
4263 3649 4715 3731 continentur,
4783 3670 4960 3737 quae

2989 3725 3360 3794 evolvenda
3422 3744 3599 3795 sunt.
3688 3729 3911 3796 Prima
3974 3753 4133 3818 pars
4192 3736 4259 3799 in
4305 3733 4588 3801 Daniele
4679 3738 4958 3822 raecipit

2989 3817 3415 3881 mutationem
3464 3817 3638 3881 vitae
3682 3817 3868 3881 iuxta
3912 3820 4131 3885 omnia
4184 3834 4550 3906 praecepta
4666 3820 4952 3910 ecalogi.

2990 3898 3155 3967 Cum
3201 3901 3370 3966 enim
3414 3905 3706 3968 nominat
3748 3904 4086 3986 iustitiam,
4132 3904 4592 3993 complectitur
4612 3909 4956 3974 universa·

2986 3984 3117 4052 lem
3165 3989 3623 4067 obedientiam,
3658 3992 4041 4057 nominatim
4090 4012 4248 4059 vero
4292 3994 4531 4058 deinde
4554 3996 4959 4061 mentionem

2986 4070 3148 4139 iacit
3193 4075 3686 4141 misericordiae
3731 4079 4143 4144 exercendae
4188 4100 4263 4143 er
4311 4102 4352 4144 a
4395 4079 4635 4144 iniuste
4682 4101 4769 4167 op
4821 4101 4959 4147 res·

2987 4180 3128 4224 soS.
3220 4159 3344 4224 Est
3410 4162 3581 4227 enim
3649 4165 3835 4250 regia
3901 4165 4176 4230 concio:
4246 4099 4446 4231 «fouet
4490 4165 4730 4231 Daniel
4828 4188 4959 4236 une

2989 4265 3315 4311 summum
3338 4245 3795 4327 Mon-archam,
3839 4261 3906 4316 et
3952 4251 4121 4315 inter
4163 4252 4467 4317 homines
4500 4253 4775 4337 imperia
4799 4274 4959 4319 con·

2987 4333 3171 4396 stitui
3217 4333 3550 4415 divinitus,
3592 4348 3664 4400 ut
3708 4333 4065 4401 defendant
4088 4336 4421 4415 iustitiam,
4449 4349 4515 4402 et
4540 4359 4958 4405 communem

2988 4420 3378 4484 societatem
3424 4431 3655 4486 contra
3677 4417 4062 4502 latrocinia,
4116 4435 4188 4489 ut
4232 4434 4299 4488 et
4344 4422 4749 4490 Aristoteles
4795 4425 4958 4491 Alc·

2985 4507 3308 4570 xandrum
3355 4518 3613 4585 monet,
3677 4519 3751 4572 ut
3809 4510 4056 4595 cogitet
4096 4507 4442 4595 imperium
4502 4511 4750 4576 debere
4798 4531 4958 4578 esse

2987 4613 3122 4657 non
3166 4589 3365 4682 ὕβρι-ν,
3410 4595 3532 4657 sed
3577 4592 3935 4680 εὐεργεσίαν.
4027 4591 4268 4660 Daniel
4333 4617 4497 4662 vero
4547 4610 4611 4661 et
4656 4596 4957 4684 singula·

2938 4699 3125 4743 trem
3194 4680 3701 4742 admonitionem
3769 4679 4072 4756 adhibet,
4136 4682 4397 4747 sciebat
4450 4681 4828 4749 Ecclesiam
4887 4685 4955 4747 in

2987 4762 3189 4828 exilio
3227 4766 3288 4827 in
3337 4766 3501 4828 dura
3545 4764 3864 4829 servitute
3901 4786 4078 4844 esse,
4124 4769 4376 4839 viderat
4417 4768 4670 4857 Regem
4706 4769 4957 4834 erexis-

2938 4911 2942 4930 ,
2987 4870 3065 4914 se
3129 4861 3420 4914 statuam
3483 4850 3888 4914 adorandam
3935 4864 4001 4917 et
4047 4854 4418 4919 coniecisse
4461 4858 4526 4920 in
4591 4858 4819 4943 ignem
4862 4858 4957 4922 vi-

2987 4956 3101 5000 ros
3167 4934 3445 5000 sanctos
3504 4937 3612 5021 qui
3659 4947 3945 5002 statuam
3989 4940 4274 5005 adorare
4319 4937 4692 5008 noluerant.
4826 4943 4955 5008 lta-

2929 5057 2931 5059 *
2986 5042 3116 5107 que
3161 5022 3245 5086 de
3288 5033 3425 5087 tota
3470 5022 3752 5102 iustitia,
3790 5023 3852 5087 id
3900 5035 4025 5105 est,
4072 5037 4137 5092 et
4179 5028 4263 5092 de
4309 5030 4448 5093 veri
4497 5028 4623 5093 Dei
4666 5031 4954 5115 agnitio·

2986 5129 3093 5185 nc,
3133 5120 3198 5172 et
3243 5108 3632 5193 deponenda
3678 5110 3951 5175 saevitia
4009 5113 4070 5177 ei
4117 5115 4571 5180 concionatur.
4663 5115 4749 5179 Et
4795 5137 4951 5182 con·

2984 5207 3374 5259 sentaneum
3446 5208 3548 5260 est
3607 5194 3776 5260 haec
3844 5200 4059 5263 omnia
4118 5203 4452 5285 copiosius
4524 5202 4698 5266 dicta
4768 5222 4950 5283 esse,

1038 5270 1123 5356 Sl
1185 5272 1541 5353 habeam
1606 5298 1934 5351 omnem
1999 5271 2272 5375 fidem,
2363 5269 2880 5354 dilectionem
2985 5302 3181 5367 quam
3229 5283 3291 5344 in
3352 5278 3464 5345 illa
3512 5284 3698 5348 brevi
3745 5286 4127 5351 narratione
4173 5288 4566 5365 recitantur,
4636 5310 4812 5373 quae
4858 5300 4951 5354 ta·

1155 5405 1434 5475 autem
1496 5421 1660 5474 non
1722 5392 2099 5495 habeam,
2161 5392 2355 5474 nihil
2414 5421 2619 5497 sum,

1035 5511 1251 5629 Ergo
1316 5545 1483 5598 non
1544 5514 1714 5598 sola
1774 5514 1941 5597 fide
2004 5512 2545 5596 iustificamur.

2984 5387 3132 5430 men
3201 5364 3467 5433 cuilibet
3535 5371 3710 5435 bono
3776 5371 4054 5456 principi
4101 5394 4357 5437 summa
4405 5375 4748 5439 doctrinae
4796 5394 4952 5441 esse

2985 5467 3206 5538 potest
3250 5457 3333 5519 de
3375 5458 3750 5541 praecipuis
3790 5460 4009 5522 rebus.
4102 5458 4198 5522 Sit
4242 5462 4556 5547 princeps
4592 5463 4809 5525 iustus
4849 5483 4950 5528 er·

2982 5560 3072 5627 ga
3136 5540 3373 5611 Deum.
3418 5553 3483 5608 et
3550 5564 3712 5631 erga
3760 5541 4116 5628 ‚hominem
4178 5557 4489 5635 protegat
4551 5546 4949 5616 Ecclesiam.
