5892 6709
715 2135 1351 2374 uxautcamo
1401 2220 1868 2373 srmaom
1915 2221 2310 2375 arcam.
2412 2323 2418 2332 -
2490 2137 2493 2143 ’

1084 2553 1086 2556 ¹
1162 2581 1214 2646 Ex
1236 2581 1390 2648 Editioue
1408 2581 1657 2669 Witebergensi
1684 2584 1762 2648 anui
1785 2582 1882 2648 1561.
1959 2589 1966 2604 '

837 2951 845 2959 ,,
881 2877 956 2959 DE
987 2877 1113 2962 DEO.

572 3094 609 3158 ln
622 3115 702 3159 vera
712 3094 925 3158 invocatione
936 3114 1080 3157 necesse
1091 3096 1310 3178 estcogitare,
1323 3093 1400 3180 quid
1409 3090 1491 3158 allo-

508 3183 634 3267 quaris,
671 3181 725 3243 nid
737 3182 780 3242 sit
791 3179 897 3257 Deus,
911 3191 942 3242 et
958 3182 1123 3263 quomodo
1137 3201 1174 3243 se
1183 3178 1489 3265 patefecerit,ante,

509 3203 696 3332 etcurvelit
708 3268 865 3329 exaudire
877 3280 952 3329 tuos
961 3268 1114 3351 gemitus
1131 3278 1163 3329 et
1176 3268 1263 3349 quod
1276 3264 1355 3330 velit
1367 3268 1491 3329 discer-

449 3373 452 3380 ·
507 3354 543 3417 ni
555 3355 597 3415 ab
611 3354 762 3416 omnibus
777 3353 1013 3415 commenticiis
1037 3353 1236 3429 numinibuS,
1269 3365 1302 3415 et
1323 3354 1365 3415 ab
1389 3354 1490 3415 omni·

508 3439 573 3503 bus
608 3438 780 3500 creaturis
846 3437 958 3509 Quare
990 3439 1128 3520 primurn
1163 3439 1305 3501 omnium
1327 3439 1490 3502 tenendae

509 3536 587 3590 sunt
609 3523 816 3587 definitiones
829 3536 955 3587 sumtae
977 3545 1018 3586 ex
1041 3526 1237 3587 testimoniis
1250 3526 1490 3608 divinis-quae

508 3629 573 3674 nos
597 3606 907 3686 commonefaciunt,
931 3620 964 3671 et
987 3610 1065 3693 quid
1087 3611 1130 3672 sit
1143 3609 1247 3686 Deus,
1270 3622 1303 3673 et
1322 3611 1488 3692 quomodo

509 3692 591 3760 velit
613 3696 753 3779 agnosci
777 3708 809 3757 et
831 3696 999 3771 invocari,
1032 3706 1065 3757 et
1097 3716 1163 3777 quo
1187 3697 1376 3760 discrimine
1399 3698 1489 3779 cogi-

508 3782 631 3846 tandae
653 3783 718 3842 sint
740 3801 924 3863 personae,
960 3791 991 3842 et
1020 3781 1225 3865 seiungeuda
1258 3784 1301 3843 sit
1323 3781 1488 3844 invocatio

508 3880 626 3932 nostra
647 3868 690 3928 ab
709 3865 849 3929 Etlmica
871 3867 1097 3929 invocatione:
1132 3867 1178 3932 Sit
1207 3867 1307 3952 igitur
1329 3866 1412 3929 haec
1435 3868 1489 3929 dc-

508 3952 613 4019 finitio
636 3953 752 4036 prima.

594 4121 689 4185 Dens
723 4131 775 4185 est
808 4122 956 4184 essentia
978 4120 1169 4204 spiritualis
1203 4133 1349 4198 aeterna,
1371 4119 1488 4185 intelli-

536 4229 609 4285 ens,
633 4205 697 4271 alia
718 4208 922 4270 εισι-11111111
945 4209 1108 4282 omnibus
1132 4229 1246 4283 verax,
1269 4209 1488 4284 boum-iusta,

511 4231 674 4371 benefica,
718 4306 822 4369 easta,
856 4292 1059 4369 misericors,
1092 4292 1276 4369 liberrima,
1311 4296 1489 4354 immensae

512 4382 693 4464 sapientiae
716 4392 748 4441 et
771 4381 948 4460 potentiae,
971 4380 1120 4440 irascens
1133 4375 1293 4460 peccatis,
1316 4377 1415 4440 Pater
1433 4397 1488 4441 ae-

509 4476 637 4542 ternus,
671 4467 725 4548 qni
749 4463 863 4528 lilium
886 4466 928 4526 ab
953 4478 1088 4526 aeterno
1118 4466 1291 4547 imaginem
1314 4486 1407 4527 suam
1431 4485 1487 4548 ge·

510 4553 599 4633 nuit,
623 4563 655 4613 et
677 4549 778 4614 Filius
802 4553 911 4633 imago
935 4550 1042 4612 Patris
1069 4562 1264 4626 coaeterua,
1288 4563 1320 4613 et
1342 4550 1486 4631 Spiritus

511 4650 648 4701 sauctus
671 4638 857 4719 procedens
881 4659 900 4698 a
925 4634 1021 4698 Patre
1044 4648 1076 4699 et
1099 4634 1194 4713 Filio,
1219 4638 1304 4699 sient
1322 4634 1487 4718 patetacta

511 4735 564 4786 est
598 4724 751 4785 divinitas
792 4733 883 4784 certo
917 4726 1020 4785 verbo
1062 4734 1093 4782 ct
1128 4723 1320 4784 testimoniis
1355 4722 1485 4797 divinis,

510 4810 599 4893 quod
633 4807 732 4870 Pater
766 4821 920 4871 aeternus
955 4829 1027 4869 cum
1060 4804 1144 4871 Filio
1168 4820 1200 4871 et
1223 4807 1344 4890 Spiritu
1369 4819 1486 4870 sancto

510 4894 695 4959 condiderit
728 4893 855 4956 coelum
890 4906 922 4956 et
943 4907 1080 4969 terram,
1108 4905 1141 4957 et
1163 4914 1279 4956 omnes
1302 4905 1486 4967 creaturas,

510 4992 543 5045 ct
565 4981 652 5043 adsit
671 4982 823 5042 omnibus
848 4981 1019 5057 creaturis,
1042 5000 1107 5063 quo
1131 4981 1172 5063 ad
1187 4980 1486 5054 conservationem,

494 5077 543 5131 ¹et
566 5064 702 5152 colligat
726 5066 788 5125 sibi
810 5066 843 5126 in
868 5087 990 5149 genere
1007 5065 1149 5130 humano
1171 5064 1357 5129 Ecclesiam
1380 5076 1487 5126 aeter·

508 5173 596 5230 nam,
618 5164 755 5234 propter
766 5149 883 5213 Filium
905 5164 937 5214 et
960 5173 1020 5235 per
1043 5173 1128 5230 eum,
1151 5166 1183 5216 et
1206 5154 1248 5216 sit
1269 5152 1367 5214 iudex
1388 5151 1488 5213 iusto·

509 5258 583 5303 rum
606 5251 639 5302 ct
662 5239 865 5300 iniustorum.

596 5406 679 5472 Cum
712 5411 813 5493 igitur
844 5408 1037 5471 invocamus
1070 5407 1190 5484 Deum,
1225 5409 1409 5492 cogitemus
1431 5407 1487 5469 ubi

509 5504 543 5562 ct
564 5496 684 5579 quibus
708 5495 905 5560 testimoniis
929 5514 1007 5559 sese
1028 5494 1122 5558 Deus
1144 5491 1353 5578 patefecerit,
1389 5503 1422 5555 ut
1454 5493 1487 5554 in

1461 2820 1487 2913 ¹,
1543 2836 1714 2923 Baptismo
1737 2836 1874 2917 Christi,
1899 2848 1932 2902 et
1954 2840 2181 2914 discernamus
2204 2859 2279 2905 eum
2300 2841 2343 2904 ab
2367 2843 2523 2907 omnibus

1544 2926 1718 3002 creaturis,
1742 2937 1774 2987 et
1793 2944 2017 3010 agnoscamus
2031 2923 2147 3073 'rpualis
2170 2927 2225 3004 sit,
2248 2937 2281 2990 et
2292 2928 2522 2993 discernamus

1542 3029 1719 3093 personas,
1742 3010 1828 3075 sicut
1850 3012 1948 3074 nobis
1972 3032 2052 3075 reve
2065 3021 2141 3075 atae
2163 3023 2250 3076 sunt.

1628 3179 1729 3244 Pater
1751 3202 1825 3244 cum
1847 3178 1931 3245 Filio
1956 3191 1989 3245 et
2012 3179 2135 3265 Spiritu
2153 3191 2271 3246 sancto
2295 3193 2348 3246 est
2370 3183 2523 3248 conditor

1542 3276 1576 3330 et
1598 3263 1817 3331 conservator
1839 3269 1983 3332 omnium
2006 3271 2245 3345 creaturarum,
2268 3277 2302 3332 et
2323 3266 2394 3333 vult
2417 3290 2521 3332 111110-

1541 3353 1591 3415 sci
1614 3350 1731 3416 Ftttum
1755 3364 1787 3416 et
1809 3352 1966 3437 Spiritum
1988 3366 2151 3418 sanctum.
2197 3352 2255 3417 Sic
2277 3366 2386 3419 autem
2404 3320 2523 3419 Ftltum

1541 3439 1637 3501 nobis
1660 3436 1828 3521 patefecit,
1852 3440 1939 3523 quod
1963 3440 2006 3501 sit
2030 3440 2075 3516 is,
2105 3460 2164 3520 per
2187 3460 2284 3524 quem
2306 3441 2385 3505 dicit
2408 3443 2521 3504 decre·

1541 3536 1608 3587 turn
1631 3526 1672 3587 de
1695 3524 1871 3588 Creatione
1893 3537 1925 3587 et
1947 3523 2182 3602 Redemtione,
2218 3527 2250 3588 e't
2280 3528 2369 3610 qnod
2391 3526 2446 3590 lrie
2469 3526 2521 3588 Fi·

1541 3606 1605 3672 l'us
1640 3611 1840 3674 constitutus
1873 3612 1917 3672 sit
1949 3611 2121 3688 mediator,
2157 3620 2189 3674 et
2221 3611 2312 3674 initio
2345 3609 2522 3698 protulerit

1539 3694 1758 3779 Evangelium
1780 3717 1826 3770 111
1844 3697 1917 3758 sinu
1929 3699 2054 3759 aeterni
2068 3696 2188 3773 Patris,
2212 3698 2365 3762 ostendat
2377 3698 2520 3776 Patrem,

1541 3792 1573 3843 et
1595 3793 1772 3843 conservet
1794 3782 2008 3844 ministerium
2030 3779 2221 3866 Evangelii,
2255 3793 2288 3846 et
2323 3796 2519 3847 1111111111-

1540 3887 1622 3949 pore
1645 3878 1794 3928 assumta
1815 3864 1959 3928 humana
1982 3880 2114 3944 natura,
2142 3871 2185 3931 sit
2206 3865 2318 3933 sactus
2342 3871 2519 3946 redemtor,

1541 3964 1573 4015 et
1596 3954 1837 4035 quodpropter
1859 3951 1946 4015 bunc
1969 3952 2085 4016 Filium
2108 3951 2187 4017 velit
2209 3975 2270 4016 nos
2295 3956 2462 4031 exaudire,
2486 3964 2520 4016 et

1539 4049 1676 4121 propter
1698 4058 1783 4114 eum,
1808 4049 1840 4100 et
1862 4058 1922 4119 pcr
1945 4059 2018 4100 eum
2042 4038 2151 4106 salvet
2173 4059 2255 4116 nos,
2278 4053 2310 4102 11
2334 4042 2422 4123 quod
2445 4043 2519 4121 ipse

1539 4121 1642 4185 Filius
1666 4124 1849 4185 immediate
1874 4123 2014 4186 vivilicet
2037 4128 2138 4187 eorda
2161 4126 2192 4187 in
2208 4123 2435 4188 consolatione
2458 4146 2519 4206 per

1539 4207 1765 4292 Evangelium,
1792 4221 1823 4271 et
1846 4210 1895 4272 sic
1920 4208 2021 4272 Pater
2042 4224 2074 4273 ct
2098 4208 2201 4272 Filius
2224 4210 2389 4272 effundant
2412 4209 2517 4291 spiri·

1540 4306 1606 4356 tmn
1629 4305 1791 4371 sanctum,
1822 4296 1877 4377 qui
1901 4295 2086 4358 immediate
2109 4308 2160 4359 est
2183 4292 2316 4369 laetitia,
2352 4299 2418 4377 qua
2439 4294 2515 4356 Deo

1541 4376 1744 4463 copulamur,
1767 4381 1860 4443 Sicut
1873 4383 1972 4463 inquit
1988 4378 2129 4443 l'aulns:
2153 4381 2338 4462 decepistis
2363 4401 2427 4443 non
2441 4380 2518 4463 Spi-

1539 4467 1635 4528 ritum
1658 4466 1827 4529 servitutis
1850 4467 1891 4528 ad
1916 4468 2075 4542 timorem,
2099 4467 2159 4527 sed
2182 4466 2335 4549 Spiritum
2366 4466 2517 4549 adoptio-

1539 4558 1590 4613 nis
1614 4550 1766 4628 liliorum,
1790 4572 1855 4635 quo
1879 4547 2060 4613 clamamus
2090 4552 2187 4614 Abba
2210 4564 2314 4633 poter.
2381 4550 2459 4614 ltem
2484 4552 2516 4613 2.

1539 4639 1580 4699 ad
1603 4636 1742 4698 Tirrrotlt.
1768 4637 1797 4697 1.
1842 4635 1917 4698 Non
1942 4636 2027 4697 dedit
2052 4638 2149 4699 nobis
2181 4636 2275 4700 Deus
2298 4637 2456 4718 Spiritum
2479 4638 2518 4699 ti·

1539 4724 1706 4799 miditatis,
1728 4724 1789 4784 sed
1812 4722 1956 4796 roboris,
1976 4719 2161 4785 dilectionis
2189 4736 2220 4785 et
2251 4725 2423 4786 castitatis.
2469 4727 2517 4786 lta

1539 4808 1724 4870 discrimina
1749 4827 1964 4889 personarum
1987 4810 2040 4890 pie
2064 4810 2261 4893 cogitemus,
2284 4820 2316 4871 et
2340 4807 2418 4871 suas
2438 4828 2517 4889 pro·

1538 4894 1693 4975 prietates
1716 4889 1855 4978 singulis
1874 4894 2102 4969 attribuamus,
2127 4916 2188 4958 nec
2211 4897 2388 4958 existamus
2406 4894 2518 4956 otiosa

1541 4978 1703 5041 vocabulo
1738 4999 1814 5041 esse
1846 4975 1964 5041 Filium
1987 4991 2020 5042 et
2042 4980 2199 5062 Spiritum
2222 4991 2386 5055 sanetum,
2412 5000 2452 5042 ac
2477 4979 2518 5041 de

1538 5062 1742 5147 singularum
1762 5086 1981 5149 personarum
2011 5067 2269 5150 proprietatibus
2300 5077 2419 5147 postea
2441 5061 2517 5149 plus

1539 5152 1676 5213 dicetur.
2139 5159 2144 5174 ⁶

1625 5320 1700 5382 Non
1735 5322 1784 5384 sic
1816 5322 1952 5385 invocat
1974 5320 2172 5404 Xenophon.
2196 5321 2250 5406 qui
2274 5320 2402 5383 etiamsi
2427 5320 2517 5403 cogi·

1539 5415 1598 5481 tat,
1621 5405 1727 5468 Deum
1751 5428 1826 5470 esse
1849 5408 1980 5470 unicam
2003 5409 2182 5470 essentiam
2206 5420 2237 5469 11
2261 5426 2438 5489 personam
2463 5425 2517 5466 sa·

1539 5493 1701 5576 pientem,
1733 5513 1904 5572 veracem,
1937 5494 2075 5569 iustam,
2111 5494 2312 5570 beneficam,
2353 5491 2517 5556 vindicem
