5892 6709
493 664 558 732 363
603 742 609 752 .

577 851 631 918 Ac
652 853 801 940 ingentia
819 853 998 917 certamina
1025 854 1068 917 de
1088 849 1155 915 hoc
1176 850 1317 917 articulo
1340 873 1473 937 semper

492 936 638 1017 fuerunt,
660 941 693 1004 in
717 941 838 1023 quibus
860 936 941 1002 utile
957 950 1009 1002 est
1032 940 1255 1014 considerare,
1278 940 1334 1023 qui
1353 937 1473 1004 fuerint

491 1038 773 1112 propugnatores,
790 1036 822 1088 et
834 1026 889 1108 qui
900 1022 1019 1088 luerint
1030 1024 1145 1087 hostes
1157 1025 1317 1105 veritatis,
1340 1027 1472 1089 virente

492 1110 603 1175 adhuc
625 1110 774 1175 iohanne
792 1106 969 1192 Apostolo.
1013 1109 1121 1173 Ebion
1144 1118 1177 1173 et
1198 1107 1375 1174 Corinthus
1394 1130 1473 1174 eon·

492 1197 685 1273 tenderunt,
720 1199 752 1260 in
774 1195 900 1258 lllessia
933 1205 1060 1259 tantum
1082 1214 1160 1258 esse
1181 1192 1358 1259 humanam
1379 1207 1472 1259 natu·

491 1302 574 1360 ram,
609 1292 641 1345 et
662 1280 770 1352 Dema
799 1300 877 1345 esse
899 1281 1029 1345 unicam
1049 1300 1240 1364 personam,
1262 1301 1347 1366 quae
1370 1283 1472 1345 nomi·

425 1436 428 1443 ,
491 1378 591 1431 natur
614 1365 721 1431 Pater.
773 1366 848 1429 lloc
882 1367 1059 1428 certamine
1092 1363 1257 1431 lohannes
1284 1364 1472 1449 Apostolus

412 1447 415 1452 ’
491 1463 614 1529 motus,
637 1452 774 1536 scripsit
802 1449 1041 1535 Evangelicam
1069 1451 1258 1524 historiam,
1298 1455 1473 1515 aestatim

490 1537 581 1602 initio
604 1537 761 1602 refutarit
782 1537 919 1601 Ebionis
943 1557 1100 1614 errorem,
1123 1548 1155 1600 et
1177 1540 1472 1620 perpetuumtesti·

490 1624 634 1688 monium
656 1626 754 1689 nohis
777 1618 918 1707 reliquit.
942 1622 1072 1687 Deinde
1093 1626 1267 1687 renovarit
1289 1625 1375 1687 idem
1398 1645 1471 1689 cer-

490 1719 602 1774 tamen
624 1709 881 1786 samosatenus,
914 1709 969 1793 qui
1003 1709 1137 1793 negavit
1158 1709 1190 1770 in
1214 1711 1402 1773 narratione
1423 1709 1472 1772 lo-

489 1792 610 1858 hannis
632 1793 719 1875 λόγον
740 1792 878 1879 intelligi
899 1814 1078 1876 personam
1100 1813 1161 1856 seu
1174 1792 1383 1875 όφισιόμενον.
1407 1795 1471 1860 Sed

490 1878 647 1945 Ecclesia
669 1880 878 1944 Antiochena
901 1901 976 1943 eum
998 1876 1152 1942 refutarit
1175 1889 1209 1941 et
1230 1881 1337 1957 eiecit,
1361 1900 1472 1945 arvo·

492 1975 588 2029 catus
610 1966 653 2028 ad
676 1986 748 2029 cam
771 1967 991 2050 cognitionem
1014 1964 1197 2048 Gregorius
1209 1963 1472 2029 Neocaesarien·

491 2051 552 2129 siS,
575 2051 629 2135 qui
652 2062 731 2114 tunc
752 2048 920 2115 miraculis
943 2048 1057 2114 clarus
1080 2062 1162 2127 erat,
1184 2047 1315 2134 reliquit
1326 2054 1472 2115 testimo·

490 2137 591 2213 aium,
613 2137 701 2219 quod
720 2138 927 2200 notissimum
949 2137 1100 2217 omnihus
1124 2156 1200 2199 esse
1224 2136 1332 2213 dehet,
1355 2139 1472 2201 recita·

491 2233 545 2288 tur
566 2241 677 2285 auem
698 2219 785 2284 libro
807 2224 838 2284 7.
883 2222 1019 2286 Eusehii
1041 2242 1118 2305 pag.
1145 2221 1217 2284 173.
1263 2221 1354 2285 Unus
1378 2222 1472 2288 Deus

489 2317 596 2392 pater,
621 2308 762 2370 virentis
787 2307 900 2385 Verbi,
925 2308 1106 2391 sapientiae
1125 2309 1336 2371 subsistentis
1349 2311 1472 2372 etima·

489 2393 577 2479 ginis
599 2412 693 2471 suae,
715 2394 843 2480 integer
865 2395 1014 2478 integrae
1035 2394 1177 2477 genitor,
1200 2407 1294 2477 pater
1305 2393 1379 2457 Filii
1400 2395 1471 2458 uni·

490 2479 603 2565 geniti,
626 2499 712 2542 unus
736 2478 911 2557 DominuS,
934 2477 1030 2542 solus
1052 2500 1092 2541 ex
1115 2478 1203 2557 solo,
1227 2481 1335 2563 imago
1349 2480 1484 2559 Patris,

409 2562 412 2568 ’
488 2566 629 2630 verbum
661 2561 796 2642 efficax,
825 2563 928 2628 Filius
950 2553 1176 2647 sempiternus
1193 2584 1234 2627 ex
1256 2567 1470 2649 sempiterno,

489 2647 586 2714 Unus
607 2651 749 2733 Spiritus
772 2650 916 2713 Sanctus
940 2670 980 2712 ex
993 2648 1067 2711 Deo
1090 2651 1308 2713 substantiam
1331 2651 1471 2729 hahens,

490 2735 547 2819 qui
569 2753 630 2819 per
651 2733 770 2799 Filium
792 2735 944 2818 apparuit
966 2733 1192 2811 sanctificans,
1212 2756 1270 2822 per
1293 2758 1389 2821 quem
1404 2737 1470 2799 lle·

489 2839 533 2884 ns
555 2840 658 2901 super
680 2822 789 2883 omnia
807 2832 839 2883 et
861 2820 893 2883 in
917 2822 1068 2884 onnrihus
1099 2823 1324 2906 cognoscitur.
1370 2822 1471 2885 Dein·

490 2899 533 2970 de
566 2915 701 2968 exortus
735 2918 788 2968 cst
814 2906 936 2984 Arius,
958 2909 1013 2989 qui
1036 2927 1101 2968 non
1125 2908 1259 2990 negarit
1286 2905 1372 2987 λόγον
1394 2928 1471 2971 esse

489 3011 682 3076 personam,
704 2991 765 3054 scd
784 2992 918 3076 negarit
941 3012 1018 3054 esse
1039 3004 1158 3055 natura
1182 2992 1287 3055 Deum
1295 3038 1305 3069 ,
1337 3006 1370 3055 et
1392 3015 1469 3057 con-

488 3077 593 3141 tendit
614 3076 702 3156 λόγον
724 3096 801 3138 esse
835 3087 1022 3145 creaturam
1055 3099 1095 3140 ex
1127 3076 1228 3140 nihilo
1265 3075 1406 3157 factam,
1439 3085 1471 3156 ἐξ

489 3160 545 3226 crin
567 3159 671 3224 ὄντων.
702 3160 787 3224 ltern
806 3160 912 3248 luisse
933 3159 1110 3265 aliquando
1130 3163 1272 3250 Ratrerrr,
1292 3183 1365 3226 cum
1388 3186 1471 3227 non-

489 3247 568 3312 (lum
590 3258 682 3310 esset
704 3244 821 3323 Filius,
843 3251 876 3324 ἢν
897 3271 969 3309 ποτε
992 3246 1041 3309 dte
1063 3247 1119 3309 cdx
1141 3252 1185 3325 ἤν.
1214 3248 1295 3311 Erat
1316 3268 1390 3313 cum
1403 3271 1470 3313 lton

489 3344 573 3410 erat,
599 3343 673 3396 erat
694 3331 794 3395 Pater
816 3353 888 3396 cunt
916 3353 982 3395 non
1006 3345 1076 3395 erat
1098 3331 1212 3397 Filius.
1257 3334 1372 3418 ltaque
1394 3346 1470 3417 post

434 3419 449 3436 '
487 3414 593 3503 longa
615 3420 795 3481 certamina
818 3419 1109 3503 SynodusNicena
1132 3422 1308 3498 damnarit,
1333 3433 1366 3483 et
1383 3424 1470 3504 prio·

488 3522 545 3567 res
578 3500 711 3566 futores
735 3502 944 3567 Samosateni
968 3503 1011 3567 'et
1033 3502 1165 3568 furores
1189 3507 1270 3568 Arii.
1315 3506 1357 3568 Et
1380 3518 1470 3570 extat

490 3586 660 3653 consessio
685 3588 829 3653 Nicenae
851 3591 977 3675 synodi
1010 3593 1043 3653 in
1067 3590 1246 3675 symbolo,
1281 3593 1371 3675 quod
1394 3594 1469 3655 inde

489 3671 682 3760 Symbolum
704 3673 866 3738 Nicenum
889 3673 1087 3758 appellatur.
1133 3677 1169 3739 ln
1202 3676 1254 3739 his
1278 3679 1470 3760 disputatio·

487 3762 586 3825 nibus
609 3758 772 3823 illustrata
794 3773 871 3825 sunt
890 3764 977 3826 dicta
1001 3762 1199 3844 Prophetica
1222 3774 1255 3825 et
1272 3761 1469 3845 apostolica

487 3845 530 3911 de
552 3847 658 3912 tribus
681 3848 846 3930 personis,
867 3861 898 3910 et
922 3849 1029 3911 editae
1052 3860 1129 3912 sunt
1142 3846 1373 3912 contessiones
1386 3850 1469 3915 San·

487 3942 629 4011 ctorum,
651 3934 706 4016 qui
729 3930 940 3996 asiirmahant
963 3954 1002 3997 se
1023 3936 1206 3998 doctrinam
1228 3937 1270 3999 ab
1287 3933 1469 4019 Apostolo-

486 4035 559 4085 rum
578 4018 750 4103 discipulis
767 4021 952 4103 accepisse.

572 4222 660 4288 Nota
682 4225 749 4287 sint
771 4224 951 4288 certamina
965 4223 1149 4301 Ecclesiae,
1173 4238 1206 4289 et
1228 4226 1467 4306 consideretur,

510 4327 548 4372 er
569 4329 655 4393 quos
675 4320 792 4387 testcS,
823 4321 856 4372 et
879 4313 1045 4396 quomodo
1069 4309 1226 4395 Symbola
1248 4313 1367 4375 tradita
1390 4314 1466 4390 sint,

502 4414 649 4459 renaeus
667 4398 797 4480 accepit
819 4398 1002 4459 doctrinam
1025 4418 1054 4459 a·
1069 4395 1275 4481 Polycarpo,
1310 4395 1467 4482 Polycar-

486 4501 551 4564 pus
573 4502 594 4543 a
616 4480 763 4545 lohanne
791 4480 976 4568 Apostolo,
1008 4480 1150 4546 affirmat
1178 4497 1287 4546 autem
1309 4483 1467 4548 lrenacus

487 4565 574 4647 λόγον
591 4562 695 4631 fuisse
718 4590 907 4650 personam,
930 4580 1106 4653 antequam
1120 4571 1279 4633 assntttsit
1292 4569 1467 4636 humanam

485 4662 649 4717 naturam.
695 4654 751 4717 Sic
773 4658 859 4719 enim
883 4655 986 4739 inquit
1011 4657 1118 4737 capite
1138 4658 1170 4718 2.
1194 4654 1278 4719 libro
1302 4661 1333 4719 3.
1357 4670 1467 4721 osten·

485 4758 527 4804 so
562 4736 754 4817 manifeste,
787 4743 877 4826 quod
912 4743 943 4803 in
967 4743 1127 4825 principio
1150 4741 1235 4822 λόγος
1259 4739 1356 4806 fuerit
1379 4746 1467 4826 apud

485 4821 613 4901 Deum,
649 4844 710 4908 per
742 4846 838 4910 quem
871 4827 957 4908 λόγον
985 4829 1094 4891 omnia
1116 4825 1206 4892 laeta
1228 4840 1322 4906 sunt,
1357 4832 1467 4915 etqui

437 4973 439 4980 ,
484 4929 618 4992 semper
639 4907 743 4974 atlluit
765 4914 907 4982 humano
930 4916 1054 4998 generi,
1076 4912 1165 4977 hunc
1184 4916 1373 4979 notissimis
1386 4928 1466 4979 tem·

414 5075 420 5086 ἰ
484 4999 624 5081 poribus
647 4999 829 5062 secundum
851 5002 1058 5084 praetinitnm
1091 5012 1221 5085 tempus
1244 4999 1374 5064 aPatre
1396 5004 1466 5065 uni·

484 5092 554 5148 tam
577 5103 640 5147 suo
663 5081 826 5165 plasmati,
859 5085 1050 5168 passibilem
1073 5087 1237 5150 hominem
1259 5087 1356 5149 misit.
1401 5087 1466 5151 Ex·

485 5177 535 5233 tat
557 5179 590 5232 et
609 5166 790 5234 Alexandri
815 5170 975 5254 Epistola,
1008 5174 1062 5258 qui
1087 5175 1266 5236 antecessit
1289 5171 1466 5237 Athanasi-

441 5270 444 5276 '
485 5275 552 5332 um,
576 5257 632 5339 qui
655 5253 799 5320 affirmat
821 5255 908 5319 hanc
931 5259 1124 5334 doctrinam,
1149 5281 1214 5343 qua
1236 5258 1279 5324 ihl
1303 5257 1465 5325 refutatur

484 5338 588 5408 Arius
609 5344 653 5408 ab
676 5341 852 5429 apostolis
876 5356 1048 5427 acceptam
1072 5364 1159 5410 esse.

1122 663 1236 731 cnm.
1257 665 1362 731 nat.
1384 666 1574 735 scatere
1588 667 1877 770 'boemanos
1958 645 1963 662 '

2440 675 2507 742 aar

1524 855 1796 922 rasrmomn
1817 837 2102 924 raornartca
2130 856 2506 944 artarosromca

1609 1047 1675 1110 lam
1697 1046 1914 1131 adiungamus
1936 1044 2106 1132 Syrnbolis
2129 1047 2318 1112 testimonia
2341 1056 2506 1133 expressa

1523 1132 1558 1194 in
1580 1128 1674 1195 libris
1686 1131 1895 1216 Propheticis
1913 1142 1947 1195 et
1959 1130 2176 1216 apostolicis,
2198 1144 2355 1219 tanquam
2376 1136 2410 1199 in
2431 1136 2507 1201 ion·

1524 1217 1623 1281 tibus.
1674 1215 1840 1282 lohannes
1872 1218 2100 1302 descripturus
2132 1231 2270 1283 naturas
2302 1221 2336 1283 in
2369 1217 2506 1286 Christo

1525 1304 1812 1368 ordituradirina.
1836 1301 1871 1366 ln
1893 1305 2054 1389 principio
2077 1315 2149 1368 erat
2166 1305 2262 1385 λόγος,
2287 1308 2337 1370 sic
2359 1309 2507 1384 nominat

1524 1386 1639 1452 Filium
1651 1387 1726 1466 Dei,
1749 1390 1804 1473 qui
1826 1401 1945 1473 postea
1966 1391 2124 1454 assumsit
2147 1391 2323 1455 humanam
2340 1402 2504 1471 naturam,

1523 1486 1562 1538 ut
1581 1474 1626 1537 ibi
1644 1474 1765 1560 inquitt
1788 1473 1831 1538 Et
1852 1477 1991 1539 verbum
2013 1495 2093 1539 ‘caro
2115 1472 2314 1540 factumest.
2358 1476 2506 1543 Primum

1524 1570 1634 1623 autem
1657 1561 1699 1624 de
1720 1557 1780 1625 illa
1800 1572 1920 1625 natura
1939 1558 2095 1645 loquens,
2116 1580 2203 1645 quae
2220 1560 2281 1627 suit
2302 1573 2380 1626 ante
2396 1565 2505 1629 incar-

1524 1646 1700 1723 nationem,
1722 1645 1864 1712 altirmat
1889 1645 1975 1726 λόγον
1997 1667 2075 1711 esse
2096 1658 2280 1725 aeternum,
2303 1649 2380 1733 quia
2401 1651 2507 1734 inquit

1524 1729 1631 1795 fuisse
1649 1744 1728 1795 ante
1750 1733 1964 1808 creationem,
1987 1744 2021 1796 et
2042 1733 2098 1810 ait,
2118 1734 2230 1797 omnia
2243 1753 2304 1816 per
2324 1735 2434 1816 ipsum
2456 1730 2505 1799 sa·

1525 1827 1579 1879 eta
1600 1837 1689 1895 esse,
1723 1827 1756 1879 et
1787 1818 1876 1881 hunc
1906 1816 1994 1897 λόγον
2015 1820 2161 1881 nominat
2183 1817 2310 1898 Deum,
2331 1821 2363 1881 in
2390 1822 2504 1885 uiensz
2527 1836 2530 1841 ·

1523 1901 1567 1964 Et
1588 1905 1726 1967 verbum
1748 1915 1820 1966 erat
1841 1901 1945 1967 Deus.
1988 1903 2073 1967 Nam
2095 1903 2247 1968 Graecus
2274 1843 2435 1971 articdlm
2457 1918 2505 1971 te-

1525 1998 1633 2051 statur
1655 1988 1742 2068 λόγον
1763 1986 1995 2052 collocandum
2018 2009 2095 2052 esse
2116 1995 2191 2054 Ιοοο
2210 1991 2369 2067 Subiecti,
2389 2002 2421 2054 et
2434 1989 2505 2057 De·
2540 2015 2546 2030 ·

1523 2095 1578 2137 um
1600 2072 1678 2138 loco
1701 2075 1897 2138 Praedicati.
1941 2074 2014 2139 Nec
2031 2076 2229 2160 ambiguitas
2248 2087 2301 2141 est
2317 2074 2372 2142 hie
2389 2078 2424 2141 in
2446 2098 2505 2162 ap·

1523 2156 1702 2240 pollutione
1725 2160 1800 2237 Dei,
1832 2161 1979 2224 narratio
2008 2162 2093 2224 enim
2124 2164 2274 2225 instituta
2308 2174 2361 2225 est
2382 2163 2426 2226 ad
2449 2165 2505 2228 de-

1523 2246 1736 2329 scriptionem
1757 2248 1798 2310 de
1821 2247 1967 2308 essentia
1988 2247 2111 2322 divina,
2132 2247 2207 2311 ideo
2229 2245 2504 2331 intelligaturno-

1523 2352 1600 2394 men
1620 2330 1685 2394 Dei
1708 2352 1775 2394 non
1798 2333 1841 2394 dc
1863 2329 1984 2394 officiis
2006 2332 2138 2410 divinis,
2161 2351 2246 2416 quae
2268 2332 2504 2417 gemnthomi·

1523 2436 1597 2494 nes,
1620 2427 1655 2480 ut
1672 2415 1752 2480 alibi
1776 2418 1913 2480 dieitur:
1957 2416 2031 2501 Ego
2054 2418 2120 2481 dixi
2144 2416 2199 2481 Dii
2221 2420 2315 2496 estis,
2343 2421 2404 2484 sed
2427 2441 2504 2501 pro·

1523 2503 1688 2583 priissime
1711 2503 1753 2566 de
1775 2513 1924 2578 aeterna,
1948 2503 2188 2585 omnipotente,
2205 2501 2421 2590 intelligente,
2444 2506 2503 2570 bo·

1525 2609 1579 2665 na,
1597 2589 1721 2668 veraci,
1745 2588 1842 2665 iusta,
1866 2598 1971 2666 casta,
1994 2592 2140 2653 essentia
2153 2591 2346 2669 conditrice,
2366 2591 2454 2655 sicut
2470 2600 2505 2654 et

1524 2685 1642 2755 postea
1660 2674 1823 2736 lohannes
1846 2670 2002 2751 affirmat,
2024 2676 2134 2739 omnia
2155 2694 2216 2757 per
2236 2672 2326 2740 hunc
2341 2675 2427 2756 γόγον
2450 2695 2504 2739 es·

1524 2779 1562 2821 se
1585 2759 1736 2834 condita,
1770 2771 1803 2822 et
1825 2768 1935 2838 tamen
1958 2759 2136 2824 discrimen
2160 2780 2238 2823 esse
2255 2763 2340 2825 inter
2361 2761 2447 2840 λόγον
2471 2771 2505 2826 et

1523 2845 1653 2908 Patrem
1675 2845 1809 2922 indicat,
1834 2865 1908 2908 curn
1930 2844 1990 2907 ait:
2020 2845 2062 2910 Et
2084 2846 2167 2926 λόγος
2185 2858 2256 2910 erat
2278 2849 2366 2931 apud
2383 2846 2503 2911 Deum.

1524 2931 1622 3002 Quod
1654 2942 1765 2993 autem
1798 2933 1841 2993 sit
1875 2950 2020 3013 persona
2052 2953 2114 2995 seu
2146 2931 2356 3014 ὑφιστάμενον,
2381 2925 2504 2997 clarius

1523 3016 1708 3079 ostenditur
1730 3037 1773 3079 ex
1795 3017 2028 3099 sequentihus:
2047 3029 2084 3080 ut
2106 3039 2181 3081 cum
2204 3020 2261 3081 ait:
2290 3018 2334 3081 Et
2355 3017 2505 3083 Verbum

1523 3121 1602 3165 earo
1620 3099 1744 3165 sactum
1767 3114 1832 3180 est,
1855 3123 1931 3165 nam
1944 3101 2045 3165 Pater
2061 3123 2127 3165 non
2150 3106 2309 3168 assumsit
2326 3104 2504 3169 humanam

1523 3197 1687 3262 naturam,
1710 3188 1787 3270 quia
1815 3189 2010 3271 saepissime
2037 3189 2270 3254 discernuntur
2292 3188 2447 3254 Christus
2471 3200 2506 3254 et

1524 3269 1638 3350 Pater,
1657 3270 1812 3337 Christus
1835 3275 1890 3350 ait,
1912 3293 1952 3336 se
1974 3275 2111 3338 missum
2134 3296 2212 3339 esse
2234 3296 2255 3339 a
2276 3276 2387 3340 Patre.
2410 3275 2504 3353 ltem,

1524 3357 1623 3420 Pater
1655 3378 1762 3442 usqne
1794 3360 1893 3422 modo
1927 3371 2095 3442 operatur,
2129 3374 2162 3424 et
2196 3382 2261 3447 ego
2285 3380 2417 3445 operor.
2461 3360 2505 3425 Et

1523 3464 1598 3507 eum
1621 3444 1755 3510 dicitur:
1777 3444 1928 3508 Verbum
1950 3467 2030 3509 caro
2054 3446 2176 3510 sactum
2193 3458 2255 3524 est,
2278 3445 2504 3530 nonloquitur

1523 3530 1565 3591 de
1587 3550 1672 3593 voce
1696 3542 1934 3608 evanescente,
1962 3551 2026 3594 nee
2053 3535 2099 3595 ait
2120 3530 2240 3597 iactam
2264 3553 2340 3596 esse
2364 3554 2503 3597 conver·

1523 3616 1650 3678 sionem
1672 3617 1769 3679 unius
1793 3617 2000 3679 substantiae
2022 3619 2054 3681 in
2077 3615 2193 3697 uliam,
2216 3619 2278 3681 sed
2302 3620 2385 3682 (luas
2409 3632 2503 3683 natu·

1523 3721 1579 3764 ras
1602 3721 1679 3763 esse
1700 3703 1810 3765 unitas
1832 3701 1883 3763 uir
1904 3701 2002 3780 λόγον,
2027 3715 2059 3766 et
2082 3716 2234 3767 naturam
2251 3705 2428 3768 humanam
2449 3724 2502 3769 as·

1523 3797 1673 3864 sumtam,
1698 3790 1774 3869 quia
1798 3807 1900 3870 saepe
1922 3788 2041 3851 dicitur
2063 3791 2104 3853 de
2126 3787 2278 3870 Christo,
2312 3793 2421 3854 onmia
2442 3811 2503 3875 per

1522 3892 1596 3934 eum
1620 3874 1753 3936 condita
1775 3892 1864 3951 esse,
1887 3894 1954 3936 non
1977 3887 2055 3937 sunt
2076 3887 2186 3939 autem
2208 3897 2264 3939 res
2276 3876 2429 3940 conditae
2442 3897 2503 3958 per
2564 3930 2569 3938 .

1521 3969 1672 4022 naturam
1704 3958 1891 4036 humanam,
1921 3958 2013 4045 Ergo
2045 3961 2131 4041 λόγος
2159 3959 2270 4026 adhuc
2303 3973 2356 4024 est
2389 3963 2501 4040 etiam,

1520 4056 1697 4127 postquam
1720 4057 1869 4107 naturam
1887 4043 2063 4110 humanam
2085 4049 2254 4126 assmnsit,
2275 4048 2348 4111 ideo
2361 4048 2439 4111 dicit
2451 4046 2502 4109 lo·

1521 4130 1664 4192 hannes:
1709 4130 1745 4192 ln
1768 4132 1889 4193 mundo
1912 4142 2003 4209 erat,
2025 4145 2057 4195 et
2079 4135 2220 4197 mundus
2243 4155 2303 4217 per
2325 4137 2430 4217 ipsum
2452 4131 2502 4197 sa-

1521 4227 1597 4278 ctus
1627 4227 1689 4278 est.
1734 4216 1776 4278 Et
1799 4213 1932 4280 Coloss.
1959 4218 1987 4282 l.
2032 4218 2150 4283 Omnia
2182 4241 2242 4303 per
2272 4221 2378 4303 ipsum
2411 4220 2501 4282 etin

1520 4303 1627 4384 ipsum
1650 4302 1783 4364 condita
1805 4313 1893 4381 sunt,
1917 4304 2038 4385 etipse
2060 4316 2110 4367 est
2132 4317 2209 4368 ante
2237 4307 2363 4379 omnia,
2391 4306 2502 4369 omnia

1520 4391 1707 4450 consistunt
1729 4409 1789 4470 per
1810 4391 1927 4469 ipsum.
1972 4388 2164 4454 Etllebrae.
2192 4390 2220 4452 l.
2243 4391 2430 4454 Novissime
2451 4387 2501 4454 lo·

1521 4485 1618 4537 cutus
1641 4485 1694 4535 est
1716 4494 1777 4555 per
1797 4471 1925 4551 Filium,
1947 4496 2042 4558 quem
2065 4478 2176 4557 posuit
2196 4476 2373 4540 haeredem
2396 4476 2501 4540 omni·

1520 4580 1586 4636 um,
1609 4578 1784 4644 perquem
1808 4573 1840 4624 et
1863 4557 1980 4624 secula
1997 4558 2094 4639 fecit,
2119 4564 2173 4647 qui
2197 4575 2248 4624 est
2266 4559 2379 4647 snlgor
2404 4560 2500 4627 clan'·

1520 4647 1609 4723 tatis,
1643 4655 1675 4707 et
1709 4646 1885 4710 character
1907 4647 2113 4711 substantiae
2136 4649 2219 4726 eius,
2241 4645 2353 4712 serens
2376 4649 2499 4728 omnia,

1520 4751 1581 4793 seu
1614 4742 1751 4816 gestans
1785 4731 1893 4795 omnia
1925 4734 2029 4796 verbo
2061 4736 2228 4815 potentiae
2261 4754 2343 4798 suae
2375 4753 2498 4819 perse

1519 4818 1637 4901 ipsum,
1660 4814 1787 4881 faciens
1810 4818 2040 4902 purgationem
2062 4833 2287 4902 peccatorum.

1606 4970 1690 5034 Sunt
1719 4971 1819 5056 igitur
1847 4970 1932 5036 duae
1954 4983 2093 5039 naturae
2126 4976 2159 5038 in
2186 4971 2319 5038 Christo
2349 4986 2428 5036 nato
2455 4994 2499 5042 ex

1518 5057 1657 5141 virgine,
1679 5055 1767 5137 λόγος
1790 5069 1822 5119 et
1844 5054 1995 5128 huntana,
2010 5071 2126 5122 natura
2148 5073 2307 5124 assumta.
2353 5058 2415 5122 Est
2437 5060 2505 5145 igi·-

1517 5153 1571 5205 tur
1592 5143 1679 5223 λόγος
1702 5162 1859 5226 persona,
1883 5144 2067 5228 etquidem
2090 5141 2155 5209 alia
2177 5166 2198 5209 a
2219 5166 2364 5230 persona
2375 5144 2497 5211 Patris.

1603 5310 1679 5375 Alia
1707 5313 1893 5376 testimonia
1923 5312 2027 5379 multa
2056 5327 2228 5382 sumuntur
2250 5337 2292 5381 ex
2313 5318 2498 5403 proprieta-

1518 5399 1605 5461 tibus
1625 5396 1699 5476 Dei,
1724 5395 1875 5462 videlieet
1898 5420 1939 5463 ex
1963 5404 2197 5485 omnipotentia
2220 5414 2253 5467 et
2274 5405 2495 5470 invocatione.

1517 5483 1629 5547 lohan.
1652 5483 1683 5545 5.
1707 5482 1807 5547 Pater
1829 5505 1922 5550 nicus
1945 5507 2053 5571 usqne
2076 5489 2173 5551 modo
2197 5501 2354 5573 operatur
2375 5503 2409 5554 et
2431 5510 2497 5576 ego

1517 5587 1649 5654 operor,
1682 5589 1768 5656 quaa
1799 5567 1857 5636 ille
1889 5569 1970 5637 facit
2001 5583 2035 5637 et
2054 5571 2157 5638 Filius
2189 5572 2348 5640 similiter.
2401 5575 2497 5656 ltem,
