5892 6709
656 2300 798 2449 on
867 2295 1387 2450 oomooio
1457 2280 2172 2458 suennnouom

1072 2649 1075 2654 ⁵
1120 2663 1319 2772 PHILIP.
1351 2657 1725 2746 MELANTHON.

1076 2878 1127 2946 Ex
1144 2879 1297 2946 Edtttone
1319 2877 1568 2963 witebergenst
1590 2877 1668 2944 anm
1691 2874 1785 2940 1549.

1940 3113 1972 3148 ἱ
2417 3143 2421 3149 .

508 3166 606 3235 hiulti
638 3167 812 3254 Principes
844 3172 906 3235 viri
937 3168 1047 3257 palam
1085 3167 1230 3238 fatentur
1268 3167 1401 3235 delendi
1452 3168 1649 3233 nouicorum
1681 3178 1776 3253 grata
1806 3163 1942 3233 licentia
1973 3162 2031 3232 vul
2057 3168 2229 3251 oimpune
2247 3170 2435 3236 scortandi.
2524 3191 2528 3200 “

424 3254 636 3335 coelibatum,
659 3276 723 3321 nec
746 3255 919 3341 religione,
942 3278 1007 3321 neo
1023 3258 1258 3340 superstitione
1280 3253 1402 3342 aliqua,
1452 3253 1597 3339 Propter
1616 3251 1679 3318 has
1702 3271 1824 3319 causas
1845 3241 1960 3318 haeret
1982 3253 2016 3317 in
2068 3250 2193 3317 eclesia
2222 3254 2341 3340 ingens
2366 3263 2435 3320 tur·

421 3342 484 3407 sed
516 3353 644 3405 tantum
676 3341 755 3427 quia
787 3342 990 3406 commodior
1018 3355 1072 3407 est
1101 3342 1346 3427 adpetentiam
1369 3353 1402 3405 et
1476 3342 1585 3420 itudo,
1617 3359 1704 3426 quae
1726 3339 1906 3407 dedecorat
1926 3349 2033 3403 totum
2054 3357 2174 3404 noman
2197 3336 2435 3405 Christianum.

421 3425 637 3512 splendoren
669 3428 882 3491 sacerdotum
910 3429 1128 3494 retinendum.
1193 3428 1283 3492 Satis
1316 3428 1402 3491 enim
1452 3361 1540 3491 honi
1571 3436 1770 3511 agnoscunt,
1799 3435 1958 3510 quantum
1990 3425 2033 3488 sit
2055 3444 2140 3488 onus
2167 3423 2368 3504 coelibatus,
2401 3436 2436 3491 et
2508 3475 2518 3502 ,

421 3522 567 3591 constat,
590 3531 754 3577 concesso
777 3512 945 3598 coniugio,
977 3526 1133 3598 oportere
1165 3524 1199 3578 et
1229 3533 1406 3600 numemm¹
1452 3507 1527 3576 tolli
1548 3521 1719 3597 cuperent,
1741 3523 1774 3576 et
1795 3511 1830 3575 hi
1851 3521 1930 3575 sunt
1950 3510 2163 3594 paucissimis
2194 3508 2337 3597 Reliqua
2363 3510 2435 3576 infi-

307 3625 313 3636 ·
422 3610 455 3664 et
476 3618 630 3683 pompam
654 3598 802 3676 diminui,
824 3610 859 3662 ut
880 3597 1097 3664 ¹Graecorum
1118 3599 1315 3664 sacerdotes
1337 3618 1401 3663 nee
1451 3598 1536 3679 nita,
1551 3595 1727 3663 multitudo
1753 3616 1853 3683 quam
1879 3596 2066 3681 inquinate.
2081 3591 2183 3662 vivet
2247 3595 2356 3671 Quam
2378 3617 2435 3662 ue·
2484 3662 2490 3672 ,

422 3693 532 3748 tantas
573 3702 674 3767 opes,
718 3703 782 3747 nec
817 3684 954 3767 imperia
993 3684 1104 3769 adepti
1136 3693 1224 3749 sunt.
1287 3682 1401 3748 Turba
1451 3681 1568 3767 pharia
1599 3681 1726 3768 flagitia
1748 3692 1928 3748 cernuntur
1949 3681 2077 3750 Romae
2099 3694 2132 3746 et
2154 3679 2260 3750 attuit
2315 3680 2435 3756 Qualis

422 3770 520 3833 etiam
542 3778 636 3832 tanta
657 3769 691 3832 in
712 3764 853 3854 singtilis
876 3766 1059 3848 Ecclesiis,
1091 3780 1224 3854 praeter
1248 3789 1325 3834 uam
1345 3770 1400 3834 ubi
1452 3780 1505 3835 est
1537 3770 1669 3853 species
1703 3766 1942 3854 collegiorum,
1979 3769 2014 3831 in
2046 3769 2167 3853 quibus
2201 3780 2280 3832 sunt
2312 3790 2435 3852 magna

422 3850 564 3920 scholae
597 3863 709 3932 erant,
739 3851 900 3918 nonfuit.
965 3852 1090 3920 Nolunt
1111 3867 1231 3932 autem,
1274 3855 1401 3939 piscopi
1452 3856 1585 3941 agmina
1617 3866 1805 3920 scortorum
1834 3864 1867 3917 et
1899 3851 2145 3919 adulterarum?
2210 3852 2302 3917 llaec
2324 3854 2435 3919 rident

422 3949 455 4003 et
483 3937 539 4003 alii
571 3938 735 4002 ambitiosi
767 3940 974 4017 sacerdotes,
1006 3938 1131 4027 aliquid
1165 3942 1207 4006 de
1229 3940 1400 4025 dignitate,
1452 3940 1607 4024 Epicurei
1641 3938 1821 4003 Pontifices
1854 3958 1896 4002 ao
1927 3938 2039 4002 Priuci
2064 3957 2119 4016 es,
2154 3948 2188 4002 et
2220 3959 2284 4002 uos
2316 3951 2435 4024 putant

422 4037 480 4090 aut
502 4025 545 4089 de
567 4020 745 4106 splendore
767 4022 906 4089 detrahi.
962 4026 1100 4092 Accedit
1116 4026 1200 4106 hue,
1223 4027 1314 4111 quod
1335 4023 1401 4089 lle·
1451 4046 1531 4089 esse
1552 4036 1705 4109 agrestes
1726 4044 1768 4087 ac
1784 4018 1944 4100 stolidos,
1966 4023 2024 4174 gui
2040 3959 2108 4086 has
2131 4019 2267 4087 delicias
2291 4026 2433 4088 arbitra·

421 4129 500 4197 gum
522 4120 556 4175 et
566 4110 754 4193 Principum
777 4109 874 4173 aulae
892 4121 971 4172 sunt
992 4113 1178 4178 ornatiores
1201 4123 1236 4176 et
1246 4108 1401 4196 frequen·
1452 4131 1527 4196 mur
1543 4107 1834 4194 reptehendendas
1852 4127 1939 4173 esse.
1994 4107 2208 4173 iiudicarent
2220 4129 2297 4173 esse
2310 4107 2433 4189 Deum,

424 4196 527 4260 tiores
556 4192 714 4260 satellitio
738 4194 979 4278 Episcoporum
1001 4207 1034 4259 et
1055 4195 1311 4275 canonicorum,
1345 4198 1401 4282 qui
1452 4208 1485 4261 et
1519 4215 1599 4261 vera
1630 4196 1732 4277 irasci
1763 4192 1966 4272 libidinibus,
2000 4213 2125 4279 easque
2147 4196 2276 4279 punire,
2300 4193 2433 4262 lucilius

424 4284 621 4347 comitantur
641 4277 738 4344 aulas
760 4279 972 4366 sineRegum
994 4293 1138 4365 sumptu.
1181 4281 1224 4347 Et
1244 4284 1300 4347 hic
1323 4302 1399 4347 coe·
1451 4282 1646 4368 persuaderi
1667 4290 1819 4368 possent,
1842 4292 1879 4345 ut
1900 4280 2039 4346 iniustas
2064 4291 2097 4344 et
2121 4283 2314 4369 tyrannicas
2336 4279 2432 4367 leges

423 4379 478 4432 tus
498 4386 621 4451 magno
644 4368 719 4431 usui
741 4377 794 4431 ast
817 4365 977 4452 Regibus.
1021 4366 1108 4431 Hinc
1124 4379 1297 4432 sumuntur
1316 4365 1400 4433 ludi·
1451 4367 1637 4445 abolerent,
1660 4388 1745 4453 quae
1763 4364 2142 4432 suntiontestantorum
2160 4364 2337 4447 scelerum,
2361 4367 2432 4452 qui·

424 4474 499 4518 cum
522 4454 687 4531 decuriae,
709 4451 788 4516 hinc
810 4450 997 4537 deliguntur
1019 4449 1169 4517 homines
1192 4453 1337 4537 expediti
1358 4453 1400 4518 ad
1452 4455 1516 4519 bus
1550 4450 1704 4518 Ecclesia
1732 4450 1899 4539 polluitur.
1960 4452 2030 4517 Sed
2064 4450 2242 4519 dolendum
2272 4464 2324 4517 est
2345 4455 2431 4518 adeo

424 4535 642 4622 Legationes,
664 4538 707 4601 ad
728 4535 830 4603 multa
854 4551 886 4602 et
908 4538 1069 4603 verialia
1117 4540 1303 4625 mnegotia.
1332 4537 1401 4603 De·
1452 4537 1643 4623 prophanas
1666 4552 1795 4604 mentes
1817 4534 1895 4603 esse
1916 4536 2110 4617 multorum,
2144 4551 2181 4604 ut
2212 4537 2364 4604 libidines
2386 4540 2430 4604 ri·

423 4623 501 4686 inde
534 4622 645 4709 Reges
679 4624 775 4687 etiam
808 4623 995 4688 adfectibus
1029 4645 1073 4688 no
1098 4623 1210 4689 ilitatis
1239 4625 1400 4704 serviunt,
1453 4625 1564 4702 deant,
1588 4622 1901 4691 deindedefendant
1916 4621 2025 4709 legem
2048 4625 2090 4689 de
2109 4623 2274 4690 coelibatu
2295 4628 2459 4710 propter'

425 4729 512 4795 quae
524 4721 574 4772 est
586 4708 809 4788 inimicissima
822 4710 978 4795 coniugio
989 4712 1212 4788 sacerdotum,
1223 4722 1402 4796 propterea
1451 4730 1552 4794 opeS,
1588 4723 1751 4776 ettamen
1774 4708 1862 4774 salso
1883 4721 2079 4795 praetexant
2100 4708 2294 4797 religionem
2316 4723 2351 4776 et
2372 4731 2430 4776 no·

397 4819 401 4824 ·
423 4795 514 4943 guod
535 4795 600 4879 ipsi
621 4815 711 4859 nunc
730 4795 855 4877 passim
873 4792 1037 4879 opulentis
1060 4793 1399 4884 collegiislfruuntur.
1451 4817 1526 4861 men
1548 4795 1623 4862 Dei.
1668 4796 1764 4862 llanc
1786 4793 2017 4861 contumeliam
2039 4799 2181 4861 nominis
2203 4799 2255 4862 sui
2277 4794 2430 4883 prolecto

454 4878 609 4945 tmultae
630 4878 775 4944 familiae
797 4881 956 4967 dignitate
978 4893 1012 4946 et
1033 4884 1152 4967 opibus
1184 4894 1346 4970 augentur
1368 4885 1401 4947 in
1452 4881 1547 4948 Deus
1593 4883 1694 4960 uniet,
1715 4894 1751 4946 ut
1773 4882 1868 4946 dicits
1890 4882 1964 4947 Non
1987 4883 2049 4947 erit
2069 4882 2259 4968 impunitus,
2282 4883 2347 4968 ,ipui
2370 4903 2429 4949 no-

423 4965 490 5032 hoc
512 4977 602 5031 statu
633 4963 947 5032 Ecclesiasticorum
997 4988 1161 5034 rocerum.
1228 4970 1402 5034 Amitteret
1451 4970 1538 5034 mina
1595 4970 1625 5034 ei
1646 4970 1773 5033 abusus
1794 4964 1904 5034 suerit.

424 5062 534 5115 autem
562 5049 719 5117 nobilitas
758 5049 938 5137 plerasque
1014 5074 1086 5118 rum
1120 5000 1427 5144 commoditatum.

395 5148 460 5200 ‚ut
482 5134 579 5201 facile
600 5148 712 5221 potest
732 5138 881 5212 iudicari,
900 5138 928 5201 si
951 5140 1191 5206 concederetur
1213 5142 1401 5226 coniugium
1538 5138 1631 5205 llaec
1663 5138 1807 5224 praefari
1836 5135 1944 5204 volui:
1977 5140 2056 5224 quid
2086 5141 2171 5205 euim
2199 5158 2284 5224 opus
2311 5150 2364 5203 est
2396 5139 2431 5203 in

424 5222 675 5302 sacerdotibus,
706 5224 796 5308 quod
828 5235 967 5309 cogeret
994 5220 1116 5310 aliquid
1145 5226 1188 5291 de
1207 5225 1288 5291 luxu
1305 5237 1338 5290 et
1359 5228 1402 5292 de
1452 5246 1556 5291 causa
1584 5226 1763 5311 perspicua
1794 5225 2014 5311 disputatione
2046 5223 2135 5292 ulla?
2189 5223 2314 5291 Omnes
2342 5226 2431 5292 enim

426 5304 606 5393 splendore
628 5308 772 5375 diminui.
827 5308 907 5375 ldeo
930 5306 1128 5376 coelibatum
1149 5312 1314 5377 ambitiosi
1338 5310 1400 5378 Ca·
1451 5311 1583 5377 honesti
1595 5322 1639 5384 et
1669 5312 1881 5377 mediocriter
1932 5312 2005 5378 criti
2027 5311 2198 5377 doctrinae
2220 5307 2432 5384 Christianae

346 5443 351 5449 .
425 5394 549 5473 nonici‚
583 5392 760 5475 Nobilitas,
792 5408 826 5461 et
858 5394 887 5461 B
933 5416 971 5460 es
1005 5397 1067 5481 ipsi
1100 5408 1192 5463 tanto
1221 5416 1401 5477 consensu,
1453 5409 1486 5463 et
1506 5397 1739 5477 historiarum,
1754 5410 1893 5472 ,nortmt
1908 5334 2001 5463 hanc
2022 5396 2228 5463 Pontificiam
2256 5394 2364 5484 legem
2386 5398 2431 5464 da
2538 5425 2542 5434 ·

425 5479 525 5545 tantis
546 5479 667 5546 studiis
688 5478 878 5572 defendunt.
952 5494 984 5546 st
1005 5482 1102 5547 etiam
1126 5479 1320 5551 multitudini
1337 5482 1400 5551 Ga·
1452 5482 1620 5551 coelibatu
1647 5503 1797 5572 pugnare
1819 5497 1894 5552 cum
1919 5484 1990 5550 iure
2012 5479 2153 5550 naturali
2175 5494 2209 5551 et
2230 5483 2361 5563 divino,
2394 5495 2430 5550 ot

459 5671 461 5678 Ι
581 5617 817 5663 mercenorum
829 5619 892 5659 ror„
904 5618 987 5661 χχιιι.
1998 5613 2004 5622 ·
2223 5605 2257 5657 td
