5892 6709
464 649 531 716 399
763 733 780 748 υ
1097 643 1212 710 ΡΗΠι.
1234 641 1338 709 llsslb.
1356 641 1546 712 scum
1561 639 1842 708 ncommod.
1929 654 1937 666 ·
2410 639 2480 706 too

464 858 584 925 presso
607 838 722 902 verbo.
767 836 940 901 Benedicit
971 835 1037 913 eis,
1068 835 1158 903 iubet
1191 853 1252 898 eos
1286 834 1446 898 dominari
1496 832 1658 919 imagines
1691 852 1714 896 a
1739 831 1839 896 uobis
1872 829 2038 982 cpgitatae
2071 838 2106 893 et
2136 835 2247 895 motus
2280 829 2388 894 nostri
2408 849 2480 895 nou

466 924 608 990 caeteris
629 925 746 1002 robus,
770 923 861 987 addit
883 923 1038 986 exercitia
1054 921 1260 985 obedientiae
1283 921 1324 985 de
1345 941 1444 1005 porno
1497 931 1576 985 sunt
1596 916 1796 1003 ὑφιστάμενα,
1825 927 1860 982 at
1926 918 1970 981 ibi
2004 916 2173 1000 copiosius
2201 915 2332 981 dicitur.
2383 913 2479 981 llaec

466 1020 500 1075 et
522 1012 564 1075 de
586 1007 663 1094 lege
686 1007 850 1094 Coniugii.
895 1006 1000 1072 Erunt
1022 1007 1087 1071 duo
1120 1010 1153 1073 in
1177 1025 1311 1071 carnem
1335 1027 1445 1085 unam,
1497 1007 1645 1074 breviter
1666 1005 1787 1084 addidi,
1815 1004 1892 1088 quia
1913 1023 2002 1067 nuuc
2034 1004 2067 1066 in
2100 1002 2165 1067 bac
2199 1013 2290 1068 tauta
2323 999 2481 1087 caligine,

463 1097 499 1162 id
533 1106 603 1174 est,
642 1114 728 1159 unus
761 1115 835 1159 mas
869 1105 902 1158 et
923 1114 990 1158 una
1012 1091 1156 1158 foemina
1178 1091 1445 1176 inseparabiliter
1499 1092 1650 1157 doctriua
1672 1093 1714 1155 de
1735 1090 1878 1176 imagine
1901 1090 2077 1154 obscurior
2098 1099 2162 1153 est.
2207 1089 2276 1154 Sed
2310 1091 2372 1153 erit
2403 1083 2481 1154 illu·

464 1182 579 1247 iuncti.
622 1178 713 1244 'l'alis
735 1194 844 1244 autem
868 1190 956 1242 esset
990 1179 1090 1242 homo
1123 1191 1157 1243 et
1189 1175 1336 1261 placeret
1357 1175 1445 1257 Deo,
1499 1180 1610 1256 strior,
1644 1199 1719 1242 cunr
1748 1176 1902 1241 diviuitas
1933 1195 2046 1240 coram
2078 1175 2317 1259 conspicietur,
2350 1186 2384 1240 et
2417 1176 2483 1239 erit

465 1269 602 1352 insuper
624 1266 717 1329 Deus
740 1266 946 1330 habitaturus
970 1276 1062 1328 esset
1083 1266 1117 1329 iu
1139 1264 1200 1343 eis,
1230 1275 1264 1329 et
1284 1265 1446 1350 tantisper
1499 1266 1610 1330 omnia
1630 1265 1664 1327 in
1687 1264 1851 1327 omuibus.
1896 1261 2027 1326 luterea
2059 1270 2167 1325 tamen
2198 1258 2363 1327 elementa
2380 1260 2481 1327 huius

464 1353 499 1417 ln
533 1356 581 1418 eis
614 1350 797 1431 habitabat,
839 1353 947 1415 donec
980 1352 1117 1415 verbum
1151 1350 1217 1414 fide
1249 1352 1445 1415 retinebant.
1498 1351 1671 1415 doctrinae
1692 1346 1880 1413 inchoanda
1902 1357 1991 1426 sunt,
2023 1358 2059 1412 ut
2090 1347 2269 1412 bonitatem
2299 1359 2332 1413 et
2352 1348 2481 1412 miseri·

463 1438 549 1504 Nam
572 1458 632 1523 per
649 1436 800 1502 Verbum
822 1448 855 1502 et
877 1436 991 1502 Fidem
1022 1435 1149 1501 habitat
1170 1434 1265 1501 Deus
1287 1437 1321 1500 iu
1343 1436 1446 1501 horni-
1499 1437 1646 1501 cordiam
1678 1435 1742 1500 Dei
1776 1435 2046 1510 consideremus,
2085 1444 2118 1496 et
2149 1444 2187 1499 ut
2219 1434 2403 1498 doctrinam
2438 1434 2482 1499 de

464 1525 574 1600 nibus,
607 1525 700 1590 iuxta
729 1524 852 1587 dictum
884 1519 978 1587 Pauli
1012 1524 1055 1587 ad
1089 1522 1275 1607 Ephesios:
1311 1520 1446 1588 Habitat
1497 1533 1639 1608 peccato
1663 1523 1801 1607 originis
1831 1522 1954 1585 rectius
1980 1515 2223 1604 intelligamus,
2255 1520 2409 1605 imaginis
2432 1520 2482 1584 iu·

464 1605 619 1675 Christus
646 1631 707 1693 per
729 1609 840 1673 Fidem
865 1609 898 1672 in
922 1609 1080 1673 cordibus
1103 1610 1235 1674 vestris.
1280 1606 1394 1673 lohau.
1412 1609 1445 1673 4.
1497 1609 1849 1696 tegritasamissaest,
1866 1618 1989 1670 utmox
2003 1606 2166 1670 dicemus.
2191 1603 2365 1696 Caeterum
2378 1604 2481 1690 prod·

464 1695 502 1761 Si
525 1697 599 1782 quis
622 1693 677 1758 dili
703 1696 728 1757 ‘t
748 1714 813 1771 rue,
835 1713 1009 1758 sermones
1030 1715 1122 1759 meos
1144 1694 1304 1774 servabit,
1327 1704 1359 1757 et
1381 1694 1445 1759 Pa·
1498 1706 1550 1758 est
1561 1694 1616 1758 bic
1629 1713 1732 1758 nosse
1744 1693 1994 1757 distributiones
2008 1691 2228 1775 potentiarum
2239 1693 2380 1769 animae,
2395 1711 2481 1777 quas

448 1791 516 1845 ¹ter
538 1802 631 1845 rreus
654 1782 687 1845 di
701 1782 759 1866 igit
781 1801 867 1858 eum,
890 1793 923 1844 et
941 1783 990 1844 ad·
1007 1801 1083 1845 eum
1105 1780 1286 1860 veniemus,
1309 1792 1342 1845 ot
1355 1801 1444 1846 man·
1496 1791 1612 1865 petant
1633 1781 1778 1846 iuniores
1795 1779 2048 1862 exiisscriptis,
2070 1778 2127 1842 ubi
2150 1778 2480 1844 ordine-recitantur.

463 1867 593 1932 sionem
614 1868 703 1952 apud
726 1888 799 1931 eum
823 1863 995 1931 faciemus.

550 2003 607 2067 Sic
629 2005 729 2089 igitur
751 2014 824 2068 erut
854 2001 955 2067 homo
988 2004 1097 2089 imago
1125 2000 1201 2081 Dei,
1235 2023 1303 2068 non
1336 2000 1444 2068 solum

462 2090 541 2178 oo
562 2100 658 2154 erant
678 2092 711 2153 n
733 2088 865 2153 unu
886 2085 1088 2167 runnu,
1111 2086 1279 2165 uentu
1295 2087 1445 2169 uma,
1496 2111 1572 2195 on
1602 2108 1786 2196 unrsu
1822 2106 2127 2193 rumorum
2163 2105 2481 2195 Pnuuuuou
2533 2183 2538 2192 ,

464 2177 525 2240 sed
548 2177 646 2240 etiam
670 2177 747 2261 quia
769 2177 801 2239 in
825 2172 999 2239 intellectu
1017 2173 1166 2260 fulgebat
1189 2177 1313 2262 agnitio
1324 2175 1387 2241 Dei
1410 2178 1444 2241 iu

463 2260 637 2328 voluntate
661 2276 694 2325 et
718 2263 830 2337 corde,
864 2273 972 2326 motus
996 2273 1089 2326 crant
1112 2275 1335 2351 corrgruentes
1368 2284 1444 2327 cum
1608 2267 1679 2350 ΕΤ
1710 2265 1785 2348 DE
1816 2262 2080 2350 PEOOATO
2115 2262 2372 2354 0RIG1N15,

462 2348 561 2424 Deo',
594 2349 727 2424 iustitia,
766 2343 903 2426 laetitia,
941 2348 1008 2411 imo
1043 2348 1120 2432 quia
1148 2349 1221 2432 ipse
1256 2347 1351 2414 Deus
1383 2369 1445 2433 por

463 2434 610 2497 Verbum
633 2446 666 2498 et
689 2433 848 2517 Spiritum
882 2445 1034 2498 sanctum
1066 2436 1098 2497 in
1127 2435 1225 2498 nobis
1246 2432 1444 2514 habitasset,

462 2531 497 2587 ct
518 2511 723 2585 vivificasset
744 2537 808 2584 nos
1583 2464 1659 2531 ¹⁴:¹⁸¹
1692 2487 1761 2531 ¹¹⁰¹¹
1793 2467 1926 2549 l¹¹¹¹¹¹¹¹¹s
1957 2466 2157 2550 ΡθΓδΡῖθῑῑΰῑ·
2184 2460 2336 2545 emittit),
2367 2477 2480 2532 tumen

1497 2553 1595 2618 etiam
1617 2554 1701 2617 ratio
1724 2550 1886 2626 naturalis
1913 2551 2080 2635 aspicieus
2113 2548 2369 2634 pulcherrimum
2392 2554 2482 2617 ordi·

549 2638 622 2704 Hac
642 2636 782 2723 simplici
796 2639 1007 2702 enarratione
1023 2640 1066 2701 de
1082 2638 1227 2724 imagine
1245 2642 1390 2706 contenti
1401 2642 1445 2705 si·
1498 2660 1573 2704 nem
1596 2658 1773 2723 corporum
1796 2639 1907 2703 mundi
1929 2639 1962 2700 in
1984 2638 2129 2714 homine,
2153 2638 2286 2703 notitias
2298 2649 2482 2703 certasnu-

461 2746 547 2803 mus,
558 2726 719 2789 etdictum
729 2721 834 2802 Pauli,
843 2721 1190 2789 cumaitdeReucvarl
1200 2726 1372 2812 imaginem
1382 2725 1446 2792 Dei
1497 2745 1676 2803 merorum,
1697 2722 1796 2804 legis,
1819 2736 1852 2789 et
1873 2721 1977 2803 alias,
1999 2724 2224 2802 convincitur,
2247 2735 2284 2788 ut
2305 2721 2401 2788 lateri
2424 2745 2482 2788 co·

463 2812 496 2877 in
509 2812 606 2875 nobis
617 2808 820 2895 intelligatur
831 2810 873 2873 de
885 2811 1093 2875 restitutione
1104 2807 1188 2875 lucis
1201 2808 1342 2891 divinae,
1353 2814 1446 2878 iusti·
1499 2822 1608 2899 gutur,
1631 2830 1708 2875 esse
1729 2793 1838 2874 Deum
1859 2810 2059 2893 sapientem,
2080 2829 2247 2885 veracem,
2282 2810 2482 2889 beneficum,

464 2898 530 2963 tiae
553 2908 586 2960 et
608 2893 753 2962 laetitiae
775 2896 807 2960 in
831 2897 944 2974 nobis,
979 2898 1011 2960 in
1069 2918 1112 2960 ua
1133 2900 1351 2974 restitutione,
1385 2899 1445 2964 ho·
1498 2902 1640 2975 iustum,
1675 2897 1881 2960 conditorem
1903 2907 1937 2959 ct
1958 2896 2118 2975 iudicem,
2140 2914 2181 2960 ac
2203 2892 2356 2962 utilosest
2378 2917 2482 2981 saepe

463 2983 568 3047 mines
612 3002 730 3047 rursus
776 2980 859 3046 liunt
900 2978 1024 3066 templa
1046 2918 1133 3046 hei.
1196 2983 1291 3049 Grati
1335 2996 1445 3050 autem
1498 2984 1686 3049 testimonia
1718 2979 1865 3068 Physica
1897 2983 2131 3059 considerare,
2160 2982 2225 3047 Sed
2254 2982 2406 3047 doctrina
2438 2984 2482 3048 dc

464 3089 690 3155 agnoscamus
723 3080 756 3134 et
795 3063 1005 3132 celebremus
1043 3070 1238 3135 immensam
1265 3071 1445 3137 bonitatem
1497 3068 1598 3154 lapsu
1625 3070 1805 3153 primorum
1826 3078 2017 3152 parentabo,
2051 3080 2084 3132 ot
2106 3069 2147 3132 de
2168 3078 2310 3152 peccato
2331 3069 2482 3156 originis,

461 3155 538 3233 Dei,
563 3168 596 3219 et
617 3173 763 3220 amorem
785 3174 866 3239 erga
887 3174 963 3242 pos,
993 3165 1026 3217 et
1048 3165 1209 3237 potamus,
1230 3166 1268 3220 ut
1289 3156 1388 3221 Fides
1413 3168 1446 3221 et
1499 3158 1596 3222 etde
1619 3156 1732 3219 causis
1754 3152 1960 3219 horribilium
1981 3151 2205 3220 calamitatum
2226 3156 2259 3217 in
2277 3175 2403 3240 genere
2420 3155 2483 3221 hu·

464 3242 639 3306 Gratltudo
672 3242 826 3306 innubis
860 3239 1097 3317 accendantur,
1132 3252 1166 3305 et
1199 3240 1446 3307 confirmentur.
1498 3262 1597 3308 mano
1630 3238 1761 3328 longius
1794 3242 1906 3390 posita
1933 3251 1986 3304 est
2007 3251 2105 3305 extra
2127 3253 2345 3324 conspectum
2366 3242 2483 3308 uuna

464 3327 521 3394 Sic
555 3328 703 3391 condidit
735 3347 799 3390 nos
831 3323 939 3404 Deus,
983 3336 1020 3390 ut
1052 3346 1165 3391 earum
1198 3346 1320 3406 rerum,
1361 3347 1446 3414 quae
1498 3349 1562 3393 uae
1594 3327 1742 3392 rationis.
1826 3323 1972 3410 atelacta
1999 3335 2054 3392 cst
2074 3326 2186 3409 igitur
2212 3328 2246 3390 iu
2269 3324 2426 3393 Ecclesia
2446 3330 2481 3393 iu

464 3425 543 3477 sunt
564 3415 596 3476 in
621 3414 694 3496 ipso
728 3413 884 3497 optimae,
917 3409 1043 3476 similes
1076 3414 1108 3477 in
1143 3414 1240 3478 nobis
1274 3416 1446 3495 creaverit,
1498 3415 1634 3496 scriptis
1656 3412 1865 3497 Propheticis
1899 3425 1931 3476 at
1951 3409 2176 3496 Apostolicis,
2211 3422 2245 3477 et
2277 3424 2404 3478 tantum
2437 3434 2481 3480 ex

465 3495 595 3564 scilieet
617 3510 761 3563 mentem
783 3510 817 3562 et
837 3499 1045 3582 sapientiam,
1074 3495 1278 3564 volontatem
1300 3513 1333 3566 et
1353 3502 1446 3566 iusti·
1497 3498 1775 3585 patelactionibus
1819 3500 1938 3565 divinis
1984 3508 2234 3585 cognoscuntur
2276 3497 2480 3585 principales

463 3580 556 3662 darn,
577 3595 612 3647 et
633 3580 796 3649 libertatis
819 3581 1029 3660 electionem,
1062 3598 1236 3667 praetcrea
1268 3597 1306 3651 ut
1338 3607 1377 3651 se
1398 3589 1446 3670 ip·
1497 3605 1621 3652 causae
1642 3582 1816 3665 malorum,
1838 3595 1872 3650 et
1892 3585 2049 3649 remedia.
2084 3583 2168 3650 Cum
2188 3585 2369 3670 aspicimus
2391 3584 2481 3652 cala·

465 3690 539 3734 sum
561 3670 595 3731 in
618 3689 681 3734 nos
704 3665 873 3746 infuderit,
906 3681 939 3732 et
960 3666 1102 3733 voluerit
1123 3682 1266 3736 mutuam
1290 3668 1444 3738 laetitiam
1497 3673 1629 3736 unitates
1651 3669 1832 3750 humanas,
1852 3683 2009 3749 mortem,
2031 3672 2186 3748 morbos,
2209 3669 2364 3750 dolores,
2386 3673 2482 3738 innu-

465 3776 544 3820 esse
566 3756 598 3817 in
622 3757 720 3819 nobis
743 3775 837 3818 suam
860 3766 892 3819 et
914 3765 1077 3833 nostram,
1098 3774 1181 3843 ergo
1203 3759 1376 3823 verissime
1398 3760 1446 3824 di·
1497 3753 1689 3834 merabiles,
1713 3777 1814 3821 neces
1843 3753 2063 3841 multiplices,
2084 3754 2186 3835 bella,
2210 3766 2404 3842 magnarum
2425 3781 2481 3826 ur·

465 3841 545 3908 laxit
566 3839 733 3906 homiuem
754 3843 804 3905 sic
826 3842 1006 3905 conditum.
1499 3845 1588 3908 bium
1611 3842 1752 3920 excidia,
1776 3843 1921 3928 gentium
1943 3844 2191 3928 dissipationes
2215 3855 2249 3909 et
2260 3846 2480 3925 vastationes,

1497 3949 1669 3995 monemur
1691 3929 1842 4014 quidem,
1865 3940 1901 3993 ut
1922 3931 2106 4015 cogitemus
2129 3932 2257 3994 tristem
2280 3928 2425 4015 aliquam
2447 3944 2483 3998 et

548 4013 674 4079 Postea
685 4033 803 4078 rursus
817 4014 1015 4096 cogitemus,
1038 4023 1162 4098 quanta
1177 4014 1320 4093 bonitas,
1342 4036 1444 4100 (ιιιτιιιἱ
1498 4037 1651 4102 magnam
1679 4034 1817 4080 causam
1839 4034 1916 4080 esse
1939 4027 2104 4080 tantarum
2126 4017 2332 4081 miseriarum
2353 4017 2386 4080 in
2409 4028 2481 4084 tam

463 4112 518 4167 tus
551 4121 647 4165 annor
686 4100 730 4163 sit
762 4101 795 4163 in
828 4098 912 4163 Filio
945 4097 1010 4163 Dei
1044 4119 1127 4185 erga
1158 4120 1234 4178 nos,
1269 4113 1444 4186 postquam
1496 4102 1679 4188 praestanti
1701 4113 1817 4165 natura
1841 4104 1974 4188 generis
1996 4101 2142 4180 humani,
2164 4103 2223 4166 sed
2243 4122 2328 4187 quaa
2349 4106 2393 4168 sit
2413 4106 2482 4186 pri·

488 4189 568 4251 rima
592 4186 876 4263 doncamisimus,
910 4185 1001 4271 quod
1024 4183 1058 4249 fit
1081 4188 1296 4266 intercessor,
1320 4199 1354 4251 et
1374 4188 1445 4254 vult
1497 4201 1607 4253 mast
1651 4190 1802 4253 otissima
1823 4207 1937 4267 causa,
1961 4209 2027 4253 non
2051 4189 2114 4252 scit
2136 4188 2279 4253 humana
2303 4190 2387 4253 ratio
2401 4190 2483 4254 sinc

462 4209 551 4337 Fano
571 4271 804 4349 bumilitatem,
833 4283 869 4334 ut
890 4283 1042 4336 assumat
1073 4271 1249 4335 humanam
1281 4283 1444 4354 naturam,
1496 4276 1601 4341 verbo
1658 4276 1700 4353 el,
1723 4271 1838 4340 Voluit
1858 4287 1968 4340 autem
1990 4271 2105 4352 Deus,
2133 4273 2196 4338 has
2218 4286 2328 4339 tantas
2350 4295 2481 4359 poenas

463 4372 586 4445 quanta
609 4360 688 4424 item
709 4358 936 4422 misericordia
969 4369 1019 4420 est
1069 4358 1102 4421 in
1146 4370 1217 4423 tota
1261 4359 1445 4439 divinitate,
1498 4361 1837 4426 commonefactiones
1860 4381 1938 4426 esse
1961 4363 2003 4426 de
2024 4380 2086 4427 suo
2105 4361 2238 4441 iudicio,
2261 4361 2303 4428 de
2315 4359 2431 4427 Verbo
2447 4372 2482 4428 et

463 4446 554 4531 quod
576 4443 679 4509 Filius
702 4445 915 4508 constituitur
937 4442 1113 4520 lllediator,
1146 4457 1180 4507 et
1212 4460 1347 4530 proptor
1369 4467 1444 4511 eum
1498 4450 1541 4513 de
1562 4449 1664 4513 misso
1682 4447 1892 4512 Redemtore.

462 4532 620 4614 recipitur
638 4551 745 4616 genus
763 4529 951 4605 humanum,
983 4541 1016 4594 et
1037 4549 1154 4596 rursus
1176 4526 1275 4594 homo
1298 4536 1335 4596 lit
1367 4537 1443 4597 tem·
1466 4536 1472 4649 Ι

461 4613 554 4702 plum
577 4616 653 4694 Dei,
688 4629 721 4681 et
755 4626 912 4681 aeternus
941 4616 1054 4694 Pater,
1088 4627 1120 4680 et
1146 4615 1254 4682 ¹Filius
1287 4616 1473 4703 copulantr
1585 4617 1652 4684 Sed
1675 4618 1871 4703 Philosophi
1893 4630 2061 4704 utcunque
2082 4620 2252 4683 intuentur
2273 4618 2481 4704 propinquas

463 4722 527 4766 nos
549 4703 592 4765 lbi
616 4701 641 4766 S
664 4704 740 4767 iritu
763 4716 893 4782 sancto,
927 4704 983 4787 qui
1017 4712 1070 4765 est
1102 4723 1196 4765 amor
1240 4713 1274 4767 et
1317 4703 1444 4769 laetitia
1467 4689 1472 4729 ¹
1499 4725 1633 4783 causaS,
1665 4725 1732 4768 non
1766 4706 1916 4788 primam,
1951 4705 2062 4769 dicunt
2095 4717 2234 4769 mortem
2262 4716 2295 4768 et
2328 4707 2481 4785 morbos,

462 4725 702 4865 substantialis,
732 4810 818 4873 quae
840 4789 995 4853 diviuitas
1017 4808 1080 4852 nos
1102 4785 1219 4874 diligit,
1243 4806 1274 4854 et
1299 4790 1444 4855 vicissim
1498 4792 1620 4857 oriris
1641 4791 1796 4868 materia,
1827 4801 2018 4854 curantem
2041 4792 2177 4855 materia
2200 4788 2366 4855 hominum
2390 4812 2482 4856 nuuc

375 4921 379 4926 -
462 4874 616 4941 accendit
638 4876 792 4940 laetitiam
811 4888 845 4941 et
867 4895 983 4941 omnes
1005 4876 1144 4940 virtutes
1167 4877 1198 4940 in
1221 4877 1330 4941 nobis.
1354 4875 1444 4941 llaec
1496 4873 1619 4942 habeat
1642 4873 1727 4939 tales
1750 4877 1855 4954 vices,
1878 4874 1994 4961 quales
2015 4876 2117 4942 habet
2139 4875 2277 4942 materia
2288 4875 2481 4960 plantarum

462 4962 652 5028 testimonia
676 4961 824 5027 immensi
851 4965 974 5029 amoris
1014 4963 1160 5047 quotidie
1202 4963 1446 5027 consideranda
1496 4976 1554 5030 aut
1570 4963 1744 5050 pecudum,
1766 4983 1832 5026 non
1856 4963 1979 5028 dicunt

463 5061 554 5126 sunt,
578 5058 612 5113 et
630 5050 809 5131 petendum
843 5061 906 5130 est,
938 5051 1028 5114 utin
1051 5050 1149 5115 nobis
1171 5048 1271 5114 Fides
1303 5059 1339 5115 et
1360 5049 1445 5114 Gra·

463 5136 569 5201 titudo
592 5145 737 5200 crescat.
1582 5131 1707 5204 Dicunt
1723 5136 1801 5200 item
1824 5132 1926 5200 multa
1947 5131 2034 5213 mala
2056 5136 2185 5200 accersi
2208 5133 2314 5200 libera
2325 5132 2480 5202 volunta·

1497 5232 1530 5286 te
1553 5222 1731 5299 hominum,
1753 5223 1814 5285 sed
1837 5242 1903 5285 non
1922 5221 2103 5286 ostendunt
2125 5242 2279 5299 causam,
2304 5243 2363 5286 cur
2387 5235 2480 5289 tanta

550 5307 761 5393 Augustinus
783 5307 834 5372 sic
857 5316 990 5371 enarrat
1022 5307 1215 5393 imaginem,
1248 5319 1286 5373 ut
1319 5319 1443 5373 tautum
1496 5309 1540 5372 sit
1561 5304 1770 5373 imbecillitas
1794 5304 1985 5385 voluntatis,
2009 5318 2042 5372 et
2064 5310 2152 5372 unde
2175 5310 2218 5373 sit
2239 5310 2407 5375 discordia
2427 5330 2481 5375 re·

464 5396 631 5542 potentias
665 5407 828 5471 numeret,
862 5406 897 5457 et
929 5396 1157 5459 accommodet
1190 5395 1233 5457 od
1266 5415 1443 5479 personas,
1495 5397 1540 5459 cti
1561 5394 1669 5458 indicii
1695 5407 1728 5458 et
1751 5396 1981 5478 cupiditatum,
2014 5392 2160 5460 horribili
2184 5398 2305 5481 impetu
2329 5417 2479 5498 pugnan-

494 5491 566 5544 ater
587 5491 743 5546 aeternus
766 5493 818 5545 est
836 5492 872 5545 ut
894 5498 1001 5555 mens,
1030 5477 1133 5544 Filius
1155 5492 1190 5546 ut
1212 5482 1321 5567 lunago
1352 5481 1443 5568 cogi·
1496 5484 1574 5546 tium
1597 5501 1669 5545 curn
1694 5492 1785 5545 recto
1808 5483 1941 5547 iudicio.
1986 5478 2079 5544 llaec
2100 5479 2175 5546 sola
2198 5479 2480 5550 doctrinabcele-

466 5568 592 5631 tattone
613 5570 737 5653 genita,
759 5566 904 5653 Spiritus
927 5577 1080 5645 sauctus,
1111 5577 1148 5632 ut
1181 5563 1349 5646 volumus,
1381 5568 1443 5634 sed
1494 5567 1568 5634 siae
1589 5568 1902 5653 exprimiteprimam
1924 5578 1959 5633 et
1978 5565 2193 5655 principalem
2215 5590 2353 5636 causam
2373 5570 2479 5634 omui·
