5892 6709
459 658 528 725 aaa
1070 624 1202 717 'rum
1224 609 1331 716 nnn.
1354 647 1846 718 scatrrrtoocmanca.
2412 614 2499 719 coe

460 865 609 924 mamus,
641 839 752 910 Deum
773 862 930 910 veracem
952 840 1041 921 esse,
1064 851 1099 907 et
1119 842 1238 928 punire
1259 841 1443 920 mendacia,
1583 838 1748 920 Quartus,
1778 840 1930 906 confiteri
1962 861 2054 908 voce
2075 851 2109 906 ct
2130 836 2204 906 aliis
2225 841 2331 927 siguis
2353 840 2388 905 in
2408 851 2482 908 tota

462 945 496 999 et
512 933 668 1018 petimus,
689 941 725 996 ut
735 930 834 995 nobis
855 928 899 994 sit
919 930 1026 1007 testis,
1055 947 1121 993 nos
1143 947 1224 993 vere
1245 947 1286 993 ea
1308 928 1444 1007 sentire,
1495 929 1576 1005 vita,
1598 927 1690 992 iuxta
1711 927 1851 992 dictum:
1873 926 2001 994 Luceat
2023 925 2081 993 lux
2101 939 2218 993 vestre
2240 948 2352 992 coram
2365 925 2482 995 bomi-

462 1040 547 1106 quae
570 1013 728 1097 dicimus,
761 1016 860 1081 etita
883 1015 926 1079 sit
946 1015 1062 1094 testis,
1083 1025 1121 1079 ut
1141 1014 1256 1100 puniat
1275 1010 1444 1093 fallentes,
1495 1014 1611 1093 nibus,
1632 1022 1669 1080 ιιι
1690 1010 1879 1100 glorificent
1889 1024 2017 1097 patrem
2038 1023 2187 1079 vestrum
2210 1012 2401 1079 coelestem.
2423 1013 2482 1081 De

462 1105 553 1192 quod
576 1114 608 1169 et
630 1100 711 1167 facit
731 1100 826 1168 Deus
853 1101 945 1166 iuxta
966 1110 1099 1187 pactum
1120 1100 1154 1165 in
1175 1097 1241 1165 bo'c
1263 1112 1444 1186 praecepto
1495 1099 1549 1164 bis
1571 1111 1714 1185 quatuor
1735 1099 1852 1164 usibus
1874 1097 2078 1186 colligantur
2128 1117 2226 1165 raeco
2239 1111 2284 1164 tta
2307 1098 2481 1165 affirmati·

462 1191 642 1257 sancitum:
683 1188 758 1253 Non
781 1187 916 1253 habebit
937 1184 1033 1251 Deus
1056 1187 1246 1267 insontem,
1278 1187 1335 1271 qui
1355 1205 1444 1250 vane
1495 1205 1555 1263 va,
1590 1186 1717 1269 passim
1750 1186 1784 1250 in
1806 1183 2015 1270 Propheticis
2048 1197 2081 1250 ct
2102 1122 2232 1270 bposto
2248 1188 2308 1252 icis
2341 1187 2480 1272 scriptis

461 1287 601 1363 usurpat
622 1294 742 1339 nomen
766 1275 848 1339 eius.
882 1275 928 1338 lta
947 1273 1032 1339 duas
1054 1293 1110 1338 res
1132 1291 1273 1358 magnas
1294 1269 1375 1337 facit
1395 1272 1444 1337 iu·
1496 1272 1632 1337 uadttm
1664 1282 1700 1336 ut
1719 1272 1761 1336 de
1784 1271 2017 1338 invocatione:
2061 1272 2203 1356 Oportet
2225 1292 2358 1357 semper
2379 1293 2481 1339 orare

460 1384 554 1441 rans,
576 1362 688 1426 tribuit
708 1355 785 1425 Deo
807 1355 968 1427 honorem
989 1360 1151 1438 veritatis,
1172 1369 1207 1423 et
1227 1355 1335 1424 Deum
1359 1368 1444 1438 orat,
1495 1369 1529 1423 et
1549 1375 1617 1421 non
1635 1355 1842 1444 languefieri.
1886 1357 1930 1424 Et
1954 1359 2107 1446 Syracid.
2131 1358 2162 1422 7.
2190 1356 2234 1440 μῆ
2256 1356 2481 1446 ὄλιγοψυχῖσῃς

460 1460 498 1514 ιιι
518 1449 561 1512 sit
582 1447 676 1512 testis
697 1445 847 1512 veritatis
858 1448 999 1531 puniens
1010 1442 1183 1511 fallentem
1194 1445 1285 1512 iuxta
1296 1456 1443 1531 pactum,
1495 1449 1525 1508 tr
1546 1446 1698 1530 προσευχῇ
1719 1467 1784 1517 σου,
1808 1443 1836 1510 E
1857 1444 1995 1532 regione
2016 1445 2269 1512 considerentur
2281 1443 2480 1526 antitheses,

461 1546 495 1600 et
527 1532 742 1598 benefaciens
771 1552 840 1596 non
872 1528 1012 1598 fallenti.
1056 1531 1110 1597 Ac
1134 1541 1249 1596 servat
1269 1529 1364 1596 Deus
1431 1566 1444 1579 ·
1520 1532 1572 1594 uia
1603 1531 1745 1596 mundus
1777 1526 1897 1614 plenus
1928 1541 1983 1597 est
2014 1534 2177 1597 abusuum
2199 1532 2342 1596 nominis
2365 1532 2480 1597 divini.
2526 1575 2529 1582 -

462 1632 562 1699 ctum,
584 1616 789 1684 horribiliter
809 1618 904 1705 punit
914 1613 1083 1699 fallentes,
1105 1615 1272 1684 benefacit
1292 1635 1360 1683 non
1381 1550 1444 1682 lll-
1495 1552 1708 1686 llanifestum
1736 1625 1788 1681 est
1810 1618 1896 1682 enirn
1918 1614 2040 1683 multos
2063 1637 2142 1683 esse
2163 1626 2335 1683 sermones
2357 1616 2482 1702 Epicu·

461 1704 619 1786 lentibus,
641 1716 707 1770 etc.
753 1764 755 1768 ,
1495 1722 1575 1768 reos
1598 1715 1632 1767 et
1652 1700 1888 1792 blasphemos,
1910 1703 2180 1770 innumerabiles
2214 1701 2320 1767 falsas
2341 1702 2483 1770 tnvuca·

1213 1800 1215 1804 ·
1497 1790 1606 1853 tiones
1627 1800 1661 1854 et
1681 1785 1787 1854 falsas
1810 1789 1994 1856 doctrinas.
2017 1788 2146 1854 Nomen
2159 1788 2235 1869 Dei,
2256 1790 2335 1854 item
2356 1807 2482 1854 nomen

547 1875 610 1940 Est
655 1886 765 1942 autem
806 1872 1042 1942 universaliter
1074 1873 1219 1940 tenenda
1250 1870 1369 1962 regula
1401 1873 1444 1940 de
1495 1872 1687 1955 Ecclesiae,
1709 1876 1787 1942 item
1808 1895 1930 1940 nomen
1951 1872 2117 1942 libertatis
2142 1874 2352 1941 Christianae
2375 1895 2482 1961 quan·

350 1952 353 1959 ’
461 1962 616 2028 omnibus
638 1962 834 2041 virtutibus,
865 1959 961 2027 Deus
986 1958 1060 2028 vult
1082 1972 1180 2026 notas
1203 1979 1281 2026 esse
1292 1963 1444 2041 virtutes,
1496 1961 1539 2026 tis
1560 1958 1748 2046 sceleribus
1765 1971 2012 2047 praetexuntur.

404 2093 406 2098 -
460 2048 647 2127 veritatem,
664 2050 851 2113 castitatem
872 2044 1015 2127 etallas,
1037 2059 1075 2113 ut
1096 2048 1218 2112 doceat
1237 2065 1314 2126 noa,
1336 2041 1445 2132 qualis

461 2135 505 2198 sit
528 2136 611 2218 ipse,
634 2144 666 2197 et
689 2134 917 2199 discernamus
936 2154 1009 2198 eum
1032 2154 1054 2197 a
1074 2129 1172 2198 malls
1194 2134 1336 2211 naturis,
1366 2132 1444 2219 quia
1585 2132 1738 2219 Pugnant
1762 2151 1837 2198 cum
1859 2134 2010 2201 secundo
2036 2143 2219 2220 praecepto
2240 2129 2484 2200 universaliter

460 2218 534 2286 vult
556 2240 619 2283 nos
642 2239 756 2284 verum
767 2216 876 2284 Deum
897 2239 1097 2305 agnoscere,
1121 2215 1246 2303 alloqui
1266 2230 1301 2283 et
1320 2220 1445 2284 discer·
1498 2219 1608 2283 omnia
1630 2216 1806 2299 scandala,
1843 2222 1920 2306 quia
1942 2231 2079 2306 propter
2100 2217 2189 2284 mala
2212 2216 2363 2304 exempla
2384 2217 2484 2284 multi

461 2325 586 2370 nerea
615 2302 712 2370 malis
734 2307 861 2370 naturis
885 2316 919 2370 et
940 2326 961 2369 a
984 2305 1221 2371 commenticiis
1242 2305 1443 2369 numinibus.
1497 2302 1685 2369 alienantur
1701 2327 1722 2370 a
1745 2305 1914 2387 doctrina,
1947 2316 1980 2371 et
1996 2305 2090 2372 multi
2113 2306 2296 2371 imitatores
2318 2305 2402 2371 fiunt
2424 2307 2485 2372 de·

426 2494 429 2500 ,
548 2425 624 2491 Non
657 2427 743 2489 enim
776 2424 924 2489 brachii,
957 2422 1066 2490 Deum
1104 2421 1351 2509 mppecppmur,
1383 2424 1445 2488 sed
1497 2392 1643 2456 teriores
1666 2401 1700 2457 ει
1721 2389 1888 2477 Epicurei.

461 2524 574 2576 mente
596 2504 810 2596 cogitandum
834 2520 905 2590 est,
938 2528 1002 2574 nos
1025 2508 1114 2575 hunc
1134 2530 1249 2575 verum
1267 2509 1376 2573 Deum
1398 2506 1445 2573 al.-

460 2596 572 2682 loqui,
606 2598 663 2681 qui
685 2617 724 2662 se
745 2594 905 2680 patefecit
925 2595 959 2660 in
981 2594 1076 2683 Lege
1098 2605 1132 2660 et
1153 2596 1446 2679 promissionibus,

461 2686 516 2767 qui
553 2694 588 2746 ει
617 2680 674 2747 ille
695 2684 769 2767 ipse
790 2692 860 2762 est,
893 2682 950 2767 qui
971 2684 1060 2748 misit
1081 2678 1198 2746 Filium
1220 2680 1443 2746 mediatorem.

460 2768 552 2834 llaec
575 2769 722 2853 quotidie
743 2768 778 2834 ln
798 2768 1013 2834 invocatione
1036 2769 1217 2854 cogitanda
1238 2777 1326 2833 sunt.

1584 2560 1731 2628 Pertinet
1762 2562 1806 2626 ad
1839 2561 2023 2628 secundum
2055 2573 2268 2647 praeceptum
2301 2574 2334 2627 et
2359 2559 2484 2713 relgula

1498 2649 1539 2713 de
1562 2645 1667 2728 fama,
1690 2646 1842 2734 Syracld.
1864 2649 1918 2714 41.
1962 2646 2088 2715 (iurato
2111 2669 2248 2728 nomon,
2284 2650 2361 2734 quia
2419 2670 2483 2714 eus

1497 2730 1569 2800 vult
1600 2731 1738 2819 intelligi
1771 2735 1948 2800 discrimen
1981 2735 2138 2802 virtutum
2172 2746 2205 2800 ει
2236 2736 2413 2815 vitiorum,
2448 2746 2485 2801 et

1497 2830 1677 2906 propterea
1699 2820 1878 2904 approbari
1896 2832 2001 2900 recta,
2024 2832 2056 2885 et
2068 2821 2247 2905 vituperari
2258 2822 2376 2905 turpia.
2412 2821 2485 2887 Ve-

504 2906 684 2970 Sciendum
694 2916 727 2969 et
735 2903 802 2970 hoc
811 2914 875 2985 est,
885 2902 1446 2988 universaliteretcaeterispraece·
1498 2918 1545 2971 tat
1574 2907 1672 2971 etiam
1692 2903 1786 2971 Deus
1808 2908 1949 2992 proponi
1978 2904 2065 2971 mala
2088 2905 2240 2991 exempla
2285 2917 2400 2992 ropter
2421 2927 2484 2993 pe·

459 2993 526 3078 ptis
541 2989 663 3056 includi
675 2993 815 3076 primum
826 3002 1052 3077 praeceptum,
1087 2991 1446 3075 uiaobedientiaprae·
1497 2990 1603 3058 ricula
1613 2992 1826 3073 imitationis,
1846 2994 1891 3057 dc
1919 2994 2127 3080 qua-dicitur
2161 2930 2483 3078 apudluvenalem:

460 3089 568 3143 statur
579 3074 625 3141 illi
647 3098 728 3143 vero
745 3076 834 3160 Deo,
857 3089 889 3142 et
910 3079 953 3142 ad
964 3075 1053 3143 hunc
1064 3013 1171 3141 baem
1184 3073 1359 3143 referenda
1381 3087 1446 3156 est,
1498 3078 1662 3152 Quoniam
1706 3076 1834 3143 dociles
1862 3079 2043 3144 imitandis
2088 3082 2239 3164 turpibus
2286 3091 2320 3143 ει
2362 3083 2484 3164 pravis

459 3177 496 3228 ut
518 3163 591 3229 Deo
615 3161 670 3228 bic
691 3163 820 3244 honos,
848 3163 1041 3250 quemxipse
1062 3183 1125 3228 nos
1148 3163 1264 3243 docet,
1296 3174 1445 3248 praeste-
1498 3181 1612 3229 omnes
1635 3184 1761 3243 sumus,
1783 3163 1826 3230 Et
1846 3175 1928 3230 nota
1949 3168 1991 3232 sit
2008 3186 2075 3230 vox
2096 3165 2352 3231 AlillUS'lel:
2380 3165 2487 3233 Bona

459 3262 524 3315 tur.
571 3250 669 3323 Quod
693 3259 803 3314 autem
822 3259 854 3314 et
871 3268 974 3335 supra
992 3250 1033 3315 de
1054 3250 1159 3334 primo
1181 3260 1363 3334 praecepto
1375 3269 1445 3313 mo·
1498 3250 1705 3316 conscientia
1726 3248 1804 3315 mibi
1823 3272 1909 3335 opus
1933 3262 1985 3318 est
2006 3248 2143 3336 propter
2161 3251 2285 3332 Deum,
2319 3252 2411 3318 bona
2433 3250 2487 3320 fa·

459 3339 601 3414 nuimus,
634 3337 679 3400 ita
711 3334 860 3401 inchoari
893 3346 926 3400 et
947 3334 1083 3420 placere
1106 3337 1338 3414 obedientiam,
1368 3356 1444 3400 cum
1496 3357 1550 3401 nra
1571 3348 1707 3422 propter
1727 3338 1921 3422 proximum.

459 3425 554 3505 prius
578 3420 643 3485 fide
667 3423 827 3507 accipitur
848 3422 1002 3486 remissio
1024 3433 1253 3507 peccatorum,
1273 3433 1306 3486 ct
1328 3420 1444 3487 iustili-

461 3509 560 3585 catio,
584 3506 699 3585 idest,
721 3503 949 3572 reconciliatio
973 3519 1005 3573 et
1028 3508 1215 3592 acceptatio
1237 3519 1376 3591 propter
1390 3506 1443 3571 Fi·
1678 3576 1684 3591 ,

460 3592 541 3657 Ιὶιιιιι
575 3592 692 3677 gratis.
736 3592 824 3656 ldem
855 3594 897 3657 de
919 3594 971 3656 sin
993 3605 995 3609 ·
1019 3592 1062 3656 lis
1083 3595 1271 3678 praeceptis
1295 3595 1443 3680 cogitau-

370 3699 373 3704 ·
462 3681 538 3743 dum
564 3689 629 3758 est,
652 3678 747 3743 iuxta
767 3676 868 3744 illude
892 3675 971 3742 Chri
992 3690 1046 3743 tus
1069 3690 1122 3744 est
1143 3678 1219 3744 finis
1240 3678 1354 3764 Legis.
1711 3660 1773 3726 DE
1794 3661 1954 3728 TERTIO
1977 3662 2254 3730 ΡΒΑΕΟΕΡΤΟ·

550 3849 728 3915 Secundus
750 3870 836 3914 usus
858 3849 1000 3914 nominis
1022 3849 1143 3929 divini,
1176 3869 1274 3934 quem
1295 3846 1444 3934 postulat

459 3933 567 4015 Deus,
590 3947 641 3999 est
665 3935 849 4024 gratiarum
865 3936 965 4001 actio.
1009 3936 1073 4001 llic
1095 3938 1233 4015 sciatur,
1266 3937 1345 4023 quid
1391 3957 1444 4001 ro·
1582 3933 1628 4000 Ut
1659 3936 1692 4000 ln
1724 3938 1832 4023 primo
1864 3938 1984 4003 dicitur
2017 3940 2059 4003 de
2092 3940 2212 4003 trientis
2241 3948 2274 4004 ει
2295 3933 2487 4006 voluntatis

460 4024 531 4106 prie
559 4023 603 4086 sit
621 4022 808 4108 gratitudo,
843 4021 886 4088 de
907 4042 975 4109 qua
995 4023 1152 4089 usitatam
1172 4021 1261 4089 banc
1283 3958 1444 4088 delinllio·
1497 4018 1727 4089 conformitate
1759 4045 1836 4090 cum
1863 4022 1958 4104 Deo,
1991 4024 2024 4089 in
2054 4026 2202 4089 secundo
2236 4026 2278 4090 de
2311 4027 2487 4092 sermonis

460 4130 537 4173 nem
559 4110 731 4173 tradimus.
1497 4104 1744 4175 conformitate:
1766 4109 1815 4175 lta
1836 4111 1976 4177 nuncin
1999 4113 2107 4189 tertio,
2131 4132 2205 4175 com
2228 4107 2386 4177 Ecclesia
2409 4110 2489 4177 col·

1495 4191 1617 4281 ligatur
1644 4216 1731 4261 voce
1761 4197 1947 4275 doctrinae,
1978 4200 2180 4283 praecipitur
2201 4197 2416 4283 singulariter
2438 4201 2490 4266 de

548 4277 812 4345 GRATl'l’UDO
836 4290 889 4345 est
911 4281 1017 4346 virtus
1040 4301 1114 4345 com
1139 4279 1226 4345 osita
1248 4300 1291 4344 ex
1314 4278 1444 4344 duabus
1497 4282 1754 4347 conservatione
1771 4282 1942 4349 ministerii
1960 4285 2100 4349 docendi
2111 4282 2310 4363 Ecclesiam
2323 4285 2365 4348 ad
2378 4306 2488 4371 quam

460 4366 649 4431 virtutibus.
678 4364 845 4432 ,verteme
867 4376 900 4430 et
921 4365 1059 4432 lustitia.
1133 4366 1236 4430 eritas
1256 4363 1444 4451 profitetur,
1496 4387 1581 4451 opus
1604 4377 1655 4431 est
1677 4369 1941 4458 congregatione
1968 4379 2003 4435 et
2024 4359 2146 4456 signis,
2174 4374 2260 4458 quae
2281 4381 2359 4435 sunt
2381 4374 2488 4439 nervi

460 4453 549 4516 urrde
561 4453 626 4516 sint
638 4464 777 4536 accepta
797 4451 973 4531 beneficia,
996 4463 1029 4517 et
1045 4451 1172 4517 lustitia
1193 4452 1339 4517 vicissim
1362 4445 1445 4517 obli·
1496 4453 1779 4540 congregationis.

462 4550 521 4625 gat
554 4537 595 4603 ad
630 4549 744 4604 mutua
777 4539 950 4604 beneficia.
1016 4536 1071 4603 De
1093 4538 1245 4603 Veritate
1268 4539 1388 4603 dicitur
1410 4540 1444 4603 in
2413 4592 2416 4596 .

460 4620 618 4690 l’salmo:
662 4624 820 4691 Sacrifica
842 4624 919 4691 Deo
951 4623 1153 4690 sacrificium
1174 4622 1296 4691 laudis.
1351 4623 1443 4703 ltem,
1579 4623 1653 4690 Etsi
1675 4636 1786 4691 autem
1815 4627 1849 4690 in
1871 4624 1984 4692 blaise
2004 4627 2111 4693 verba
2131 4628 2324 4692 nominatim
2370 4632 2487 4696 raeci-

460 4716 583 4779 lnvorn
605 4731 658 4775 me
679 4710 713 4775 in
735 4712 789 4776 die
810 4707 1045 4791 tribulationis,
1068 4721 1101 4776 et
1117 4709 1253 4796 eripiam
1275 4723 1309 4777 ιε
1327 4720 1360 4775 et
1393 4707 1444 4773 lo·
1493 4710 1587 4796 piunt
1609 4712 1651 4776 de
1672 4713 1814 4798 septimo
1836 4713 1906 4792 die,
1935 4723 2047 4778 tamen
2069 4715 2214 4779 sciamus
2236 4725 2328 4780 certo
2389 4718 2488 4781 oni·

459 4797 608 4863 rilicabis
631 4817 693 4862 me.
737 4797 831 4871 ltem,
855 4795 1065 4864 confitemini
1087 4796 1253 4877 Domino,
1287 4731 1443 4883 quonlam
1494 4817 1554 4862 cas
1578 4795 1807 4879 ceremonias,
1841 4818 1927 4885 quae
1949 4809 2027 4864 sunt
2046 4800 2128 4864 iuris
2151 4800 2302 4885 positivi,
2330 4797 2485 4868 abolitas
2555 4841 2558 4846 ·

459 4886 571 4951 bonus
594 4893 660 4949 etc.
704 4880 759 4948 De
782 4882 987 4972 obligatione
1015 4905 1097 4950 vero
1129 4905 1171 4949 ac
1191 4894 1305 4950 mutuo
1329 4881 1442 4948 officio
1494 4903 1581 4949 esse.
1602 4881 1646 4949 Et
1666 4882 1791 4950 Paulus
1813 4904 1975 4969 expresse
1996 4886 2117 4972 lnquit:
2139 4886 2245 4951 Nemo
2267 4905 2332 4952 vos
2353 4900 2487 4973 arguat

461 4972 581 5038 dicitur
604 4970 716 5034 Oscae
738 4971 771 5035 2.
814 4969 889 5059 Ego
912 4969 1113 5037 frumentum
1135 4971 1185 5035 eis
1207 4970 1302 5049 dedi,
1332 4979 1365 5035 et
1385 4990 1443 5034 au·
1492 4969 1527 5035 in
1559 4967 1693 5036 vicibus
1710 4969 1886 5037 Fastorum
1915 4982 1973 5036 aut
2006 4971 2240 5039 Sabbatorum.
2294 4969 2367 5037 Sed
2399 4985 2488 5058 post

460 5079 546 5137 runt,
565 5077 607 5122 ex
630 5077 696 5143 quo
719 5053 989 5123 lecerunt-Baal.
1023 5055 1067 5122 Et
1089 5055 1254 5123 Dominus
1276 5054 1444 5144 significat
1493 5053 1641 5142 politiam
1652 5055 1837 5123 blosalcam
1858 5056 2001 5123 liberum
2023 5068 2076 5124 est
2099 5058 2225 5147 eligere
2247 5059 2333 5124 diem
2354 5069 2486 5127 noan-o

460 5147 652 5212 universam
673 5142 896 5209 obedientiam
918 5164 998 5210 csse
1019 5143 1177 5224 debitum,
1199 5144 1242 5209 ad
1256 5141 1350 5295 puod
1365 5140 1443 5208 Deo
1493 5142 1628 5208 arbitrio
1661 5143 1704 5208 ad
1725 5143 1896 5230 publicum
1918 5162 2150 5230 congressum,
2183 5144 2217 5209 in
2239 5165 2313 5231 quo·
2327 5142 2485 5231 populus

462 5229 603 5318 obligati
635 5250 770 5309 sumus,
801 5238 839 5295 ut
861 5232 948 5317 grati
979 5231 1102 5312 simus,
1136 5227 1235 5305 Quod
1279 5230 1443 5312 ebuirnus,
1494 5229 1665 5308 doceatur,
1689 5240 1723 5294 et
1743 5231 2014 5297 administrentur
2033 5230 2250 5297 Sacramenta
2270 5231 2408 5297 atritas
2431 5234 2487 5299 di·

461 5314 614 5385 fecimus.
1493 5314 1616 5381 vituitus
1638 5316 1767 5396 traditi,
1800 5328 1837 5383 ιιι
1866 5318 1936 5383 sint
1956 5315 2092 5384 vincula
2135 5314 2267 5383 ublicae
2289 5336 2354 5384 con

1493 5401 1608 5480 tionis,
1629 5402 1717 5469 sicut
1739 5404 1782 5468 de
1804 5423 1911 5470 coena
1932 5400 2067 5469 Domini
2090 5405 2225 5470 dicitur:
2267 5404 2297 5467 l.
2318 5401 2401 5470 Dor.
2451 5406 2483 5474 1.

547 5485 679 5558 'l'ertius
711 5508 796 5558 usus
819 5486 920 5559 divini
940 5486 1085 5554 nominis
1107 5499 1177 5570 eet,
1207 5496 1301 5560 recte
1321 5489 1446 5557 docere
1494 5485 1636 5562 Quoties
1669 5490 1850 5556 comedetis
1877 5509 1999 5577 panem
2019 5489 2129 5570 huno,
2163 5499 2197 5555 et
2218 5486 2378 5574 poculum
2410 5490 2484 5559 boc

463 5576 663 5656 doctrinam,
683 5597 785 5664 quam
804 5573 902 5645 Deua
922 5573 1069 5643 tradidit.
1494 5574 1619 5657 bibitis,
1651 5586 1792 5644 mortem
1813 5576 1951 5645 Domini
1983 5575 2190 5657 aununtiate,
2222 5575 2332 5645 donea
2351 5577 2483 5646 veniet.
