5892 6709
375 1389 379 1399 -
483 1347 706 1417 occultatione
739 1362 928 1431 nostrarum
962 1349 1173 1416 consiliorum
1206 1362 1241 1415 ει
1273 1350 1381 1437 figura
1403 1347 1461 1439 ali·
1513 1381 1783 1449 nondefmudes
1806 1378 1905 1446 apum
1928 1383 1960 1447 in
1984 1394 2170 1461 commotu,
2188 1386 2266 1469 quia
2288 1385 2404 1449 “mm
2427 1381 2499 1449 De·

485 650 548 717 175

482 837 550 904 hoc
571 858 654 903 casu
675 837 794 903 Rahab
817 840 1019 922 interrogata
1041 848 1094 903 est
1115 838 1159 902 tle
1174 838 1334 902 eiusmodi
1356 857 1460 923 nego·

483 927 541 1003 tio,
563 926 652 1009 quod
675 929 750 988 nou'
764 926 907 989 debebat
928 928 1048 990 dicere.
1092 921 1177 990 Hinc
1199 921 1297 988 facile
1319 935 1461 1008 possunt

483 1011 627 1075 discerni
650 1011 838 1088 mendacia,
872 1031 957 1096 quae
980 1008 1103 1074 nullam
1128 1008 1253 1073 hahent
1276 1009 1460 1074 excusatio-

482 1117 570 1172 nem,
593 1097 888 1180 ab.tr0n1ts,quae
910 1093 1033 1160 habent
1055 1096 1318 1172 eucusatiouem,
1344 1096 1373 1157 si
1396 1096 1460 1159 sci-

482 1179 560 1246 licet
583 1182 831 1257 consideretur,
864 1202 906 1245 au
930 1182 962 1244 id
984 1183 1072 1265 quod
1096 1182 1196 1245 dehet
1218 1180 1293 1257 dici,
1317 1176 1460 1243 occulte·

483 1279 548 1344 tar,
570 1264 622 1330 vel
642 1268 852 1349 depravetur.
893 1266 951 1331 Sic
973 1268 1137 1331 adversus
1159 1265 1290 1330 hostem
1313 1264 1392 1333 licet
1413 1266 1459 1329 uti

483 1458 559 1523 qua,
584 1437 643 1500 sed
667 1447 816 1514 eatenus,
839 1457 882 1501 ne
904 1435 1070 1506 violentur
1088 1449 1197 1520 pacta.
1240 1435 1324 1500 Nam
1347 1447 1461 1519 pacto·

481 1543 554 1586 rum
588 1533 621 1586 et
653 1523 864 1588 iurisiurandi
896 1521 1012 1608 religio
1030 1523 1117 1586 'iure
1150 1522 1261 1586 divino
1295 1524 1461 1586 servanda

482 1619 547 1671 est.
571 1607 649 1672 ldeo
672 1609 770 1671 etiam
793 1606 876 1672 fides
898 1609 987 1672 hosti
1011 1609 1087 1672 data
1108 1608 1236 1671 servari
1258 1607 1366 1672 dehet.
1397 1608 1460 1672 Sed

481 1707 614 1777 praeter
642 1704 741 1777 pacta
763 1704 796 1756 ct
818 1695 1043 1759 iusiurandum
1066 1693 1112 1756 uti
1136 1689 1359 1757 occultatione
1383 1714 1461 1757 con·

482 1775 644 1855 siliarum,
667 1776 721 1841 vel
746 1775 857 1863 aliqua
879 1778 986 1864 ligura
1008 1798 1206 1843 concessum
1229 1791 1292 1842 est.
1327 1778 1385 1843 Sic
1406 1799 1462 1840 oc·

483 1860 612 1927 cultare
635 1860 712 1926 licet
733 1865 956 1942 innocentem,
978 1884 1075 1949 quem
1098 1861 1317 1949 tyrnuuusuli
1341 1865 1392 1927 uis·
1415 1865 1462 1926 in·

483 1948 602 2032 quirit,
628 1960 664 2011 ut
686 1968 759 2012 eum
783 1946 908 2013 alliciat
929 1946 1110 2034 supplicio,
1142 1951 1220 2032 qaia
1243 1950 1275 2011 iu
1300 1885 1355 2011 adt
1379 1968 1462 2012 casu

481 2030 707 2097 manifestatio
741 2048 925 2118 spontanea
958 2047 1133 2120 peccatum
1166 2044 1229 2097 est.
1274 2031 1462 2097 Constituto

483 2138 564 2202 ergo
587 2117 791 2196 dehrritione,
814 2122 891 2204 quid
914 2121 957 2184 sit
978 2120 1119 2195 mentiri,
1142 2115 1251 2183 facilis
1274 2119 1461 2182 eritdiiudi·

482 2204 584 2281 catio,
605 2199 659 2267 ubi
681 2205 748 2267 siut
769 2204 981 2269 excusabiles
1004 2205 1140 2289 figurae.
1179 2203 1241 2268 Est
1263 2205 1349 2268 eninr
1373 2225 1461 2267 uren·

480 2289 533 2354 tin'
566 2309 631 2353 non
666 2287 774 2354 solum
797 2288 991 2368 occultatio,
1024 2292 1084 2353 sed
1119 2290 1312 2373 depravatio
1341 2304 1458 2354 contra

377 2375 383 2382 ’
482 2375 720 2440 conscientiam
743 2376 786 2438 dc
808 2396 849 2439 ea
869 2396 921 2453 re,
943 2397 1041 2460 quam
1063 2375 1127 2438 dici
1150 2376 1306 2459 oportuit.

568 2460 705 2524 Addunt
727 2463 857 2524 tertiam
881 2464 1025 2545 speciem
1049 2462 1215 2536 iocosam,
1237 2474 1273 2525 ut
1297 2465 1461 2543 poemata,

482 2542 569 2628 apoli
578 2565 659 2630 gos,
673 2541 759 2608 false
770 2546 868 2609 dicta.
886 2546 954 2610 Sed
967 2545 1051 2610 haec
1065 2566 1269 2629 nequaquam
1281 2557 1359 2610 suut
1371 2566 1462 2608 uren·

482 2631 591 2706 dacia,
605 2631 664 2692 sed
674 2632 784 2713 potius
796 2633 944 2714 picturae
956 2633 1122 2714 eiusquod
1131 2632 1303 2694 sentimus,
1321 2630 1462 2702 Quodut

483 2716 524 2777 sit
540 2712 714 2791 illustrius,
734 2717 950 2799 proponimus
962 2716 993 2778 iu
1007 2737 1098 2779 exem
1124 2713 1165 2778 lis
1178 2716 1373 2799 quibusdum
1386 2735 1461 2799 pro·

481 2812 557 2883 pter
579 2797 822 2863 similitudinem
847 2814 1038 2865 naturarum
1060 2738 1228 2878 adhibitis,
1252 2814 1284 2863 ut
1300 2797 1398 2883 lupus
1411 2812 1463 2863 est

482 2885 592 2968 inrogo
616 2887 757 2969 tyranni,
781 2883 956 2968 vulpecula
978 2889 1088 2971 imago
1108 2886 1250 2949 hominis
1264 2887 1462 2969 circumspe-

482 2971 526 3033 cti
549 2983 581 3033 ει
605 2972 716 3033 astuti.
752 2970 803 3032 Ad
828 2969 893 3033 hoc
916 2992 1022 3057 genus
1046 2970 1209 3055 pertiueut
1231 2972 1339 3035 cautis
1362 2990 1463 3055 geue·

481 3057 529 3118 ris
551 3052 638 3119 false
657 3056 744 3119 dicta
769 3057 800 3118 in
825 3060 1015 3139 quotidiana
1039 3061 1115 3131 vita,
1138 3058 1257 3140 quihus
1282 3057 1403 3120 vrtiurur
1418 3056 1462 3118 ad

482 3141 712 3204 adnroueudos
745 3139 917 3220 homines,
950 3139 1049 3227 quale
1076 3140 1157 3204 illud
1181 3153 1232 3204 est
1255 3139 1397 3224 Philippi
1420 3142 1462 3204 de

371 3289 378 3302 ,
481 3227 603 3303 iudice,
627 3228 680 3310 qui
704 3227 821 3290 laciem
845 3230 993 3309 pinuerat
1014 3225 1120 3302 sucis,
1142 3224 1230 3289 huuc
1252 3227 1348 3289 iussit
1371 3226 1463 3288 uhdi·

483 3332 561 3376 care
579 3308 736 3384 olliciunr,
759 3313 922 3397 inquiens,
943 3313 1106 3378 fucatum
1128 3333 1194 3376 non
1206 3332 1287 3376 vere
1303 3312 1461 3375 iudicare.

482 3637 558 3725 DE
587 3637 844 3741 RELIQUIS
865 3639 1093 3726 DUOBUS
1107 3638 1461 3724 PRAECEPTIS.

529 3913 534 3919 '
567 3904 708 3991 Reliqua
740 3908 807 3972 duo
838 3918 1018 3993 praecepta
1051 3907 1163 3970 addita
1184 3919 1273 3982 sunt,
1304 3918 1340 3970 ut
1363 3906 1463 3969 inter·

480 4003 652 4077 pretentur
687 3993 813 4079 legem,
846 4006 879 4057 et
901 3995 1095 4056 discernunt
1118 3991 1225 4078 legem
1251 3991 1312 4056 het
1335 3993 1377 4055 ab
1401 3991 1489 4072 liu-3¹

480 4081 588 4142 rrranis
621 4077 754 4163 legibus
787 4091 821 4143 ει
853 4100 873 4141 a
897 4077 1117 4162 philosophia.
1169 4078 1253 4141 Nam
1286 4076 1380 4161 leges
1401 4077 1488 4140 ltu-l

480 4185 597 4228 manac
618 4163 796 4249 prohibent
819 4179 958 4228 externa
979 4161 1080 4229 laeta.
1125 4164 1194 4228 Sed
1217 4164 1302 4227 haee
1325 4182 1461 4246 praece-
1484 4147 1489 4188 ¹

480 4261 538 4332 pta
572 4262 734 4314 testantur
766 4248 873 4335 legem
896 4248 972 4326 Dei,
1005 4271 1071 4313 uon
1094 4246 1202 4328 salum
1227 4250 1268 4311 de
1291 4241 1489 4370 exteriori-j

481 4336 545 4399 hus
574 4332 674 4399 sactis
699 4335 805 4420 loqui,
838 4335 1018 4401 sedetiam
1043 4335 1084 4398 rle
1107 4335 1320 4398 interiorilurs
1338 4331 1462 4397 affecti·

480 4421 557 4497 hus,
580 4432 612 4483 et
633 4421 846 4485 inclinatione
868 4442 910 4485 ac
932 4421 1141 4483 immundicia
1164 4430 1310 4483 naturae.
1378 4416 1461 4482 Cum

481 4506 582 4590 igitur
613 4511 660 4571 ait
694 4505 759 4586 lev,
783 4507 858 4571 Non
894 4507 1115 4588 cancupisces
1150 4525 1286 4568 uxorem
1310 4516 1368 4569 aut
1389 4526 1459 4569 rem

480 4591 636 4676 proximi,
671 4590 748 4656 Duo
772 4589 1020 4674 complectitur,
1055 4602 1088 4653 et
1110 4588 1249 4654 affectus
1272 4588 1395 4667 mulos,
1428 4600 1462 4652 et

483 4696 618 4740 causatu
640 4678 800 4743 nralorum
824 4678 1009 4754 effectuum,
1032 4674 1161 4740 scilicet
1182 4677 1287 4757 ipsum
1310 4678 1461 4739 mochum

481 4776 644 4840 naturae,
677 4766 732 4849 qui
772 4776 910 4828 vocatur
943 4774 1115 4846 peccatum
1149 4762 1298 4847 originis.
1365 4760 1462 4825 llunc

1112 647 1228 716 Phtl..
1249 647 1356 715 utun.
1368 647 1558 717 scetere
1578 645 1860 714 boeutattcm

1880 839 2124 926 thssvn

1574 1040 1636 1106 ·ln
1669 1037 1814 1127 singulis
1836 1042 2027 1125 praecentis
2049 1038 2226 1126 diligenter
2246 1039 2420 1108 addendus
2444 1050 2500 1108 est

1514 1125 1607 1204 huis,
1639 1139 1676 1191 ut
1699 1125 1779 1191 fiarrt
1805 1138 1942 1211 propter
1997 1147 2091 1207 eum,
2124 1125 2190 1192 hoc
2218 1139 2289 1207 est,
2318 1129 2353 1192 in
2377 1129 2501 1192 timore

1513 1211 1589 1292 Dei,
1621 1224 1655 1277 ει
1687 1209 1874 1277 referantur
1896 1213 1938 1276 ad
1960 1209 2079 1284 Deum,
2113 1224 2161 1291 ut,
2183 1209 2393 1298 lllagistratui
2415 1215 2500 1281 ohe·

1514 1299 1597 1376 dias,
1618 1299 1696 1383 ¹quia
1719 1297 1835 1362 tiurcas
1859 1297 1985 1376 Deunr,
2013 1308 2047 1362 et
2068 1295 2153 1361 velis
2175 1295 2251 1362 Deo
2273 1318 2402 1384 parere.
2448 1298 2501 1364 lta

1513 1491 1581 1547 um,
1613 1482 1648 1534 et
1680 1466 1765 1533 velis
1788 1467 1862 1533 Deo
1896 1480 2070 1551 praestare
2104 1470 2334 1535 obedientiam.
2381 1469 2443 1534 ste
2464 1470 2499 1534 in

1514 1551 1655 1639 singulis
1684 1553 1848 1617 mandatis
1882 1564 1916 1616 et
1948 1554 2104 1638 operibus
2139 1564 2271 1639 oportet
2292 1541 2499 1638 apprehendi

1514 1638 1635 1717 Deum,
1657 1650 1690 1703 et
1712 1640 1815 1723 repeti
1839 1640 1978 1719 primum
2000 1638 2205 1719 mandatura,
2225 1651 2262 1703 ut
2283 1641 2394 1706 omnia
2418 1660 2499 1726 ope·

1514 1745 1552 1787 ra
1574 1724 1654 1789 liarn
1676 1721 1786 1790 cultus
1808 1721 1891 1801 Dei,
1921 1735 1955 1789 et
1977 1726 2009 1789 in
2031 1725 2185 1792 omnibns
2207 1726 2365 1810 operibus
2386 1725 2499 1792 Deum

1514 1809 1710 1887 intueamur,
1735 1810 1820 1873 etei
1844 1810 2044 1875 serviamus

1600 1946 1794 2029 llepetenda
1827 1955 1881 2009 est
1913 1946 2010 2009 etiarn
2045 1946 2078 2009 iu
2101 1944 2244 2032 singulis
2271 1946 2428 2011 doctrina
2454 1949 2499 2012 de

1514 2033 1590 2110 lide,
1612 2052 1699 2117 quae
1721 2032 1832 2109 docet,
1855 2032 1945 2114 quod
1967 2028 2281 2116 propterChristum
2303 2045 2499 2116 reputemur

1513 2119 1590 2184 iusti
1612 2118 1727 2202 gratis.
1761 2115 1891 2180 Deinde
1914 2137 1993 2180 vero
2010 2116 2148 2201 placeat
2168 2129 2306 2203 propter
2327 2118 2496 2202 ipsumin·

1514 2203 1632 2270 choata
1661 2202 1861 2266 obedientia.
1903 2201 2048 2266 'l'eaebis
2069 2216 2178 2267 autem
2212 2202 2273 2268 has
2295 2205 2497 2289 praecipuas

1513 2289 1727 2375 quaestiones
1766 2288 1807 2351 de
1846 2286 1994 2372 quelibet
2025 2289 2193 2353 mandato.
2237 2287 2384 2369 ¹Prima,
2417 2288 2496 2374 quid

1512 2376 1704 2459 praecipiat.
1749 2373 1916 2450 Secunda,
1938 2393 2004 2458 qrro
2027 2372 2103 2438 fine.
2131 2372 2254 2451 Tertia,
2276 2395 2319 2440 an
2342 2373 2494 2458 satisfiat.

1515 2460 1650 2539 Quarta,
1673 2459 1839 2544 qaornodo
1861 2457 1931 2538 liat,
1953 2469 1987 2522 et
2007 2457 2139 2544 placeat
2161 2451 2360 2526 obedieiua.
2407 2535 2410 2540 ,

1821 2745 1896 2862 oi:
1917 2796 2008 2863 usu
2029 2797 2173 2864 naurs,

1599 2967 1782 3053 Postquam
1816 2978 1984 3053 utcunque
2013 2967 2223 3055 Deculogum
2254 2970 2495 3050 enarravimus,

1514 3055 1741 3118 admonendus
1775 3064 1827 3117 est
1854 3053 1978 3118 Lector
1999 3056 2096 3119 etiarn
2120 3058 2161 3120 de
2183 3075 2257 3119 usu.
2302 3055 2364 3119 Est
2384 3069 2494 3121 autem

1514 3138 1631 3222 triplex
1650 3159 1746 3204 usus.
1780 3138 1922 3204 Primum
1947 3141 2128 3205 tradendus
2150 3138 2411 3227 estDecalagus
2433 3163 2494 3208 seu

1513 3224 1583 3288 Lex
1601 3226 1665 3289 Dei
1689 3220 1837 3301 wamiis,
1858 3235 1895 3310 ut
1918 3223 2091 3307 disciplina
2114 3228 2213 3291 rudes
2233 3228 2360 3291 erudiat
2383 3239 2417 3292 et
2438 3248 2494 3291 co·

1513 3308 1658 3373 herceat.
1685 3309 1728 3373 Et
1748 3306 1803 3373 hic
1826 3330 1909 3373 usus
1931 3312 2073 3393 pertinet
2095 3313 2137 3375 ad
2158 3314 2299 3377 iniustos
2322 3324 2355 3376 et
2376 3316 2493 3378 iustos.

1512 3394 1607 3459 Deus
1629 3397 1714 3458 euim
1738 3394 1910 3458 coherceri
1935 3392 2002 3459 vult
2026 3397 2166 3461 iniustos
2185 3411 2323 3462 externa
2347 3397 2495 3483 discipli·

1513 3501 1568 3558 na,
1592 3496 1624 3543 ct
1647 3481 1741 3543 iustis
1765 3482 1902 3544 rndibus
1925 3493 2011 3565 opus
2032 3494 2085 3546 est
2101 3484 2316 3560 institutione,
2341 3486 2496 3550 doctrine

1515 3577 1547 3629 et
1570 3564 1739 3650 diligentia
1767 3565 1996 3631 cohercendae
2020 3570 2147 3646 earnis,
2168 3570 2255 3635 sicut
2276 3571 2392 3654 pueris
2414 3573 2495 3637 ado·

1513 3650 1733 3729 lescentihus,
1757 3650 1858 3736 vulgo
1878 3664 1942 3732 etc.

1600 3820 1774 3885 Secundus
1796 3840 1878 3884 usus
1897 3832 1949 3885 est
1960 3823 2117 3907 proprius
2129 3822 2327 3904 contritioni,
2349 3846 2495 3911 arguere

1513 3919 1698 4054 peccatum,
1729 3917 1760 3969 et
1783 3903 2047 4053 perterrefacere
2070 3910 2324 3987 conscientiam,
2360 3912 2403 3976 dc
2426 3932 2494 3997 quo

1528 3988 1638 4060 'aulus
1660 4011 1770 4075 saepe*
1797 3993 1944 4075 oquitur:
1966 3993 2032 4057 Per
2043 3992 2168 4081 Legem
2189 3996 2332 4081 cognitio
2345 4000 2495 4082 peecati=

1513 4076 1604 4154 ltcm,
1619 4076 1689 4140 Lex
1711 4079 1793 4140 iram
1816 4075 1929 4140 ellieit.
1975 4082 2007 4145 Si
2030 4082 2114 4143 euim
2138 4078 2229 4144 nulla
2249 4094 2340 4146 esset
2358 4080 2415 4146 lex
2434 4103 2498 4147 seu

1513 4159 1603 4227 nulla
1625 4160 1794 4249 obligatio,
1818 4165 1985 4248 quomodo
2009 4165 2040 4227 id
2065 4167 2153 4250 quod
2177 4169 2213 4229 lit
2236 4179 2353 4231 contra
2376 4166 2498 4233 volun·

1513 4260 1612 4312 tatem
1637 4248 1713 4328 Dei,
1747 4263 1838 4311 esset
1872 4250 2068 4332 peccatum?
2111 4251 2289 4316 'l'errentnr
2310 4273 2395 4339 ergo
2418 4250 2502 4340 lege

1513 4353 1642 4410 omnes,
1675 4335 1730 4418 qui
1761 4335 1906 4400 nondum
1940 4338 2113 4401 consecuti
2153 4349 2232 4403 sunt
2262 4339 2507 4405 remissionem

1512 4431 1737 4505 peccatorum.
2186 4431 2196 4444 ⁴

1598 4588 1729 4653 Tertius
1741 4610 1824 4653 usus
1847 4600 1898 4652 est
1919 4590 1951 4654 in
1974 4590 2041 4669 his,
2062 4592 2207 4676 quisunt
2225 4591 2405 4658 iustificati.
2440 4593 2524 4661 Et·-

1514 4677 1542 4739 si
1566 4679 1650 4740 enirn
1674 4688 1752 4738 sunt
1776 4673 1905 4738 liberati
1927 4696 1948 4739 a
1969 4673 2045 4740 leve
2068 4699 2109 4741 ue
2132 4680 2276 4757 damnet,
2308 4690 2421 4744 tamen
2456 4682 2506 4746 iis

1514 4782 1598 4845 opus
1621 4773 1673 4824 est
1691 4761 1843 4848 doctrina
1865 4758 1951 4845 legis
1974 4755 2156 4845 tripliciter.
2203 4761 2314 4827 Primo
2337 4766 2430 4851 quod
2454 4768 2534 4832 etL

322 5484 333 5512 v
392 5473 397 5482 ·
483 5462 538 5515 cet
561 5451 603 5515 ad
624 5452 850 5516 accusandum
872 5460 1045 5534 peccatum
1066 5448 1098 5509 ia
1122 5459 1192 5511 tota
1209 5456 1328 5513 aa'tura
1348 5446 1462 5512 huan-
1512 5441 1814 5512 carnis.‘Necesse
1835 5459 1889 5515 est
1912 5458 2109 5514 vetustatem
2132 5447 2306 5515 coherceri
2328 5463 2363 5516 et

468 4849 633 4912 .morbu'ru
656 4849 819 4914 humanae
842 4848 935 4935 leges
958 4860 990 4912 et
1015 4845 1459 4931 philosophiarrorriudicant
1513 4849 1697 4911 doctrinam
1720 4845 1847 4909 attinet.
1892 4848 2060 4921 Secundo,
2078 4850 2167 4933 quod
2191 4851 2306 4913 attinet
2333 4854 2378 4917 ad
2401 4864 2540 4916 vetur

481 4953 560 4998 esse
582 4947 766 5017 peccatum.
811 4935 888 5000 ldeo
910 4934 966 4999 lex
989 4933 1054 4998 Dei
1075 4945 1215 4997 accusat
1237 4953 1323 5010 eum,
1357 4944 1393 4995 ut
1416 4930 1463 4993 di·
1513 4942 1630 4996 statem
1656 4932 1778 4995 carnis.
1800 4932 1926 5010 Tertio,
1949 4936 2039 5016 quod
2062 4935 2104 4998 ad
2127 4935 2347 5000 obedientlam
2366 4937 2525 5004 attinet.-

479 5040 627 5099 scamus,
650 5041 747 5104 quam
769 5020 972 5086 horribiliter
993 5020 1076 5084 haee
1098 5019 1242 5083 humana
1266 5029 1384 5082 natura
1404 5018 1462 5080 im·
1514 5017 1623 5083 l’riruo
1641 5019 1682 5080 de
1700 5019 1850 5081 doctrina
1864 5022 2106 5086 constatetiam
2123 5022 2215 5085 lastis
2229 5041 2250 5084 o
2274 5041 2407 5086 usesse
2424 5045 2541 5090 νειν

481 5125 593 5171 mersa
625 5108 667 5170 sit
690 5119 842 5189 peccato,
875 5120 905 5170 et
929 5125 1153 5193 agnoscamus
1186 5124 1250 5167 uos
1271 5124 1337 5167 noa
1361 5122 1463 5187 passe
1513 5105 1567 5174 bo,
1584 5115 1620 5167 ut
1637 5104 1746 5167 sciant
1769 5104 1823 5190 qui
1842 5101 1966 5181 cultus,
1983 5103 2093 5191 qualia
2113 5126 2216 5191 opera
2236 5043 2532 5191 placeautDeor

481 5190 547 5275 legi
571 5189 787 5270 satisfacere,
808 5194 869 5256 sed
890 5191 1015 5255 hahere
1038 5212 1123 5275 opus
1141 5187 1206 5253 alia
1230 5190 1361 5254 iustitia.
1396 5188 1461 5252 lta·
1514 5209 1556 5252 ne
1578 5190 1770 5275 excogitent
1792 5210 1900 5254 novas
1924 5187 2035 5255 cultus
2054 5192 2128 5255 sine
2150 5193 2267 5271 verbo,
2288 5204 2324 5258 ut
2346 5205 2400 5259 est
2423 5193 2527 5261 blo*

505 5299 548 5342 ue
568 5276 653 5342 haec
675 5279 741 5342 duo
764 5291 932 5362 postrema
953 5287 1134 5361 praecepta
1154 5295 1220 5340 noa
1268 5274 1461 5338 ertineutad
1513 5272 1687 5338 nachatas.
1754 5274 1832 5339 ldeo
1876 5273 2001 5341 Paulus
2034 5278 2076 5342 ad
2119 5276 2326 5344 Timotheum
2370 5282 2527 5369 inquitz

482 5301 708 5451 disciplinam,
731 5367 793 5430 sed
814 5366 857 5429 ad
879 5363 1083 5446 superiorem
1117 5382 1211 5425 usum
1241 5297 1339 5447 hgts,
1372 5359 1462 5423 scili·
1513 5360 1630 5424 (inritis
1663 5361 1829 5444 scriptura
1859 5359 1951 5426 utilis
1980 5374 2039 5429 est.
2084 5363 2240 5430 Secundo
2263 5363 2530 5433 devenustare

482 5555 539 5617 na,
560 5549 595 5602 ut
616 5557 842 5624 agnoscamae
863 5535 978 5602 vitium
999 5533 1147 5619 originis.
1513 5534 1591 5618 quia
1620 5529 1675 5597 lex
1707 5552 1841 5619 semper
1873 5536 1983 5619 arguit
2009 5555 2171 5620 praesens
2192 5548 2378 5624 peccatum.

513 5683 531 5724 ἲ
