<?xml version="1.0" encoding="UTF-8"?>
<!DOCTYPE html PUBLIC "-//W3C//DTD XHTML 1.0 Transitional//EN"
    "http://www.w3.org/TR/xhtml1/DTD/xhtml1-transitional.dtd">
<html xmlns="http://www.w3.org/1999/xhtml" xml:lang="en" lang="en">
 <head>
  <title>
</title>
<meta http-equiv="Content-Type" content="text/html;charset=utf-8" />
  <meta name='ocr-system' content='tesseract 3.04.00' />
  <meta name='ocr-capabilities' content='ocr_page ocr_carea ocr_par ocr_line ocrx_word'/>
</head>
<body>
  <div class='ocr_page' id='page_1' title='image "./philippimelanth02melagoog_0402.png"; bbox 0 0 5892 6709; ppageno 0'>
   <div class='ocr_carea' id='block_1_1' title="bbox 315 1860 2672 2249">
    <p class='ocr_par' dir='ltr' id='par_1_1' title="bbox 315 1860 2672 2249">
     <span class='ocr_line' id='line_1_1' title="bbox 315 1860 2672 2249; baseline -0.005 -214"><span class='ocrx_word' id='word_1_1' title='bbox 315 2083 323 2094; x_wconf 14' lang='grc' dir='ltr'>Ι</span> <span class='ocrx_word' id='word_1_2' title='bbox 457 1885 626 2034; x_wconf 79' lang='lat' dir='ltr'><strong>ui.</strong></span> <span class='ocrx_word' id='word_1_3' title='bbox 717 1876 1334 2247; x_wconf 58' lang='lat' dir='ltr'><strong>nuuuunmp)</strong></span> <span class='ocrx_word' id='word_1_4' title='bbox 1339 2098 1405 2249; x_wconf 73' lang='grc' dir='ltr'><strong>Ο</strong></span> <span class='ocrx_word' id='word_1_5' title='bbox 1410 1873 1942 2247; x_wconf 52' lang='lat' dir='ltr'><strong>1ppppsuuni</strong></span> <span class='ocrx_word' id='word_1_6' title='bbox 2035 1860 2462 2040; x_wconf 80' lang='lat' dir='ltr'><strong>OOENAE</strong></span> <span class='ocrx_word' id='word_1_7' title='bbox 2670 1937 2672 1945; x_wconf 26' lang='grc' dir='ltr'>ψ</span> 
     </span>
    </p>
   </div>
   <div class='ocr_carea' id='block_1_2' title="bbox 815 2357 1983 2495">
    <p class='ocr_par' dir='ltr' id='par_1_2' title="bbox 815 2357 1983 2495">
     <span class='ocr_line' id='line_1_2' title="bbox 815 2357 1983 2495; baseline -0.005 -47"><span class='ocrx_word' id='word_1_8' title='bbox 815 2365 818 2372; x_wconf 80' lang='grc'>’</span> <span class='ocrx_word' id='word_1_9' title='bbox 904 2416 908 2427; x_wconf 86' lang='lat'><strong>·</strong></span> <span class='ocrx_word' id='word_1_10' title='bbox 961 2361 1231 2448; x_wconf 82' lang='lat' dir='ltr'><strong>AUCTORE</strong></span> <span class='ocrx_word' id='word_1_11' title='bbox 1255 2357 1534 2445; x_wconf 80' lang='lat' dir='ltr'><strong>PHiiiPPO</strong></span> <span class='ocrx_word' id='word_1_12' title='bbox 1573 2357 1983 2495; x_wconf 80' lang='lat' dir='ltr'><strong>MELANTHONE.</strong></span> 
     </span>
    </p>
   </div>
   <div class='ocr_carea' id='block_1_3' title="bbox 334 2676 2634 3536">
    <p class='ocr_par' dir='ltr' id='par_1_3' title="bbox 455 2676 2584 3021">
     <span class='ocr_line' id='line_1_3' title="bbox 672 2676 2480 2763; baseline -0.003 -18"><span class='ocrx_word' id='word_1_13' title='bbox 672 2685 741 2746; x_wconf 88' lang='lat' dir='ltr'><strong>Hoc</strong></span> <span class='ocrx_word' id='word_1_14' title='bbox 759 2686 905 2763; x_wconf 85' lang='lat' dir='ltr'><strong>scriptum</strong></span> <span class='ocrx_word' id='word_1_15' title='bbox 929 2683 1078 2743; x_wconf 89' lang='lat' dir='ltr'><strong>invenitur</strong></span> <span class='ocrx_word' id='word_1_16' title='bbox 1099 2684 1129 2742; x_wconf 93' lang='lat' dir='ltr'><strong>in</strong></span> <span class='ocrx_word' id='word_1_17' title='bbox 1153 2681 1264 2742; x_wconf 87' lang='lat' dir='ltr'><strong>iisdem</strong></span> <span class='ocrx_word' id='word_1_18' title='bbox 1285 2682 1383 2742; x_wconf 90' lang='lat' dir='ltr'><strong>tribus</strong></span> <span class='ocrx_word' id='word_1_19' title='bbox 1408 2678 1644 2741; x_wconf 80' lang='lat' dir='ltr'><strong>collectionibus</strong></span> <span class='ocrx_word' id='word_1_20' title='bbox 1656 2677 1800 2739; x_wconf 90' lang='lat' dir='ltr'><strong>librorum</strong></span> <span class='ocrx_word' id='word_1_21' title='bbox 1811 2676 2031 2749; x_wconf 85' lang='lat' dir='ltr'><strong>Melantbouis,</strong></span> <span class='ocrx_word' id='word_1_22' title='bbox 2055 2697 2134 2757; x_wconf 89' lang='lat' dir='ltr'><strong>quas</strong></span> <span class='ocrx_word' id='word_1_23' title='bbox 2146 2697 2279 2758; x_wconf 87' lang='lat' dir='ltr'><strong>suprap.</strong></span> <span class='ocrx_word' id='word_1_24' title='bbox 2294 2682 2355 2741; x_wconf 80' lang='lat'><strong>739</strong></span> <span class='ocrx_word' id='word_1_25' title='bbox 2368 2696 2436 2758; x_wconf 82' lang='lat' dir='ltr'><strong>sqq.</strong></span> <span class='ocrx_word' id='word_1_26' title='bbox 2450 2677 2480 2739; x_wconf 91' lang='lat' dir='ltr'><strong>in</strong></span> 
     </span>
     <span class='ocr_line' id='line_1_4' title="bbox 467 2762 2584 2851; baseline -0.003 -18"><span class='ocrx_word' id='word_1_27' title='bbox 467 2771 700 2851; x_wconf 72' lang='lat' dir='ltr'><strong>prolegomenis</strong></span> <span class='ocrx_word' id='word_1_28' title='bbox 732 2770 845 2841; x_wconf 81' lang='lat' dir='ltr'>libelli,</span> <span class='ocrx_word' id='word_1_29' title='bbox 879 2771 930 2849; x_wconf 91' lang='lat' dir='ltr'><strong>qui</strong></span> <span class='ocrx_word' id='word_1_30' title='bbox 938 2787 951 2802; x_wconf 65' lang='lat'><strong>²·</strong></span> <span class='ocrx_word' id='word_1_31' title='bbox 960 2770 1124 2849; x_wconf 90' lang='lat' dir='ltr'><strong>inscriptus</strong></span> <span class='ocrx_word' id='word_1_32' title='bbox 1148 2776 1213 2830; x_wconf 86' lang='lat' dir='ltr'><strong>est:</strong></span> <span class='ocrx_word' id='word_1_33' title='bbox 1238 2766 1388 2844; x_wconf 75' lang='lat' dir='ltr'><strong>Deformis</strong></span> <span class='ocrx_word' id='word_1_34' title='bbox 1411 2767 1555 2846; x_wconf 73' lang='lat' dir='ltr'><strong>contupii</strong></span> <span class='ocrx_word' id='word_1_35' title='bbox 1576 2764 1796 2835; x_wconf 74' lang='lat' dir='ltr'><strong>Sacerdotem,</strong></span> <span class='ocrx_word' id='word_1_36' title='bbox 1826 2765 1977 2824; x_wconf 84' lang='lat' dir='ltr'><strong>recensui.</strong></span> <span class='ocrx_word' id='word_1_37' title='bbox 2043 2762 2123 2828; x_wconf 83' lang='lat' dir='ltr'><strong>Huic</strong></span> <span class='ocrx_word' id='word_1_38' title='bbox 2145 2765 2224 2824; x_wconf 90' lang='lat' dir='ltr'><strong>enim</strong></span> <span class='ocrx_word' id='word_1_39' title='bbox 2246 2762 2351 2825; x_wconf 93' lang='lat' dir='ltr'><strong>libello</strong></span> <span class='ocrx_word' id='word_1_40' title='bbox 2370 2765 2399 2825; x_wconf 88' lang='lat' dir='ltr'><strong>ia</strong></span> <span class='ocrx_word' id='word_1_41' title='bbox 2422 2762 2481 2829; x_wconf 81' lang='lat' dir='ltr'><strong>iii.</strong></span> <span class='ocrx_word' id='word_1_42' title='bbox 2577 2767 2584 2780; x_wconf 87' lang='lat'>&#39;</span> 
     </span>
     <span class='ocr_line' id='line_1_5' title="bbox 455 2848 2482 2944; baseline 0 -33"><span class='ocrx_word' id='word_1_43' title='bbox 455 2858 732 2944; x_wconf 61' lang='lat' dir='ltr'><strong>,Arffeatoratcasi</strong></span> <span class='ocrx_word' id='word_1_44' title='bbox 763 2858 839 2916; x_wconf 82' lang='lat' dir='ltr'><strong>anai</strong></span> <span class='ocrx_word' id='word_1_45' title='bbox 871 2860 962 2917; x_wconf 91' lang='grc'><strong>1540.</strong></span> <span class='ocrx_word' id='word_1_46' title='bbox 987 2861 1017 2918; x_wconf 88' lang='lat'><strong>8.</strong></span> <span class='ocrx_word' id='word_1_47' title='bbox 1041 2863 1072 2915; x_wconf 90' lang='lat' dir='ltr'><strong>et</strong></span> <span class='ocrx_word' id='word_1_48' title='bbox 1094 2856 1124 2914; x_wconf 91' lang='lat' dir='ltr'><strong>in</strong></span> <span class='ocrx_word' id='word_1_49' title='bbox 1147 2852 1209 2914; x_wconf 80' lang='lat' dir='ltr'><strong>lid.</strong></span> <span class='ocrx_word' id='word_1_50' title='bbox 1239 2852 1480 2933; x_wconf 74' lang='lat' dir='ltr'><strong>Vitembcrpeasi</strong></span> <span class='ocrx_word' id='word_1_51' title='bbox 1501 2854 1578 2911; x_wconf 83' lang='lat' dir='ltr'><strong>unni</strong></span> <span class='ocrx_word' id='word_1_52' title='bbox 1601 2855 1693 2913; x_wconf 87' lang='grc'><strong>1549.</strong></span> <span class='ocrx_word' id='word_1_53' title='bbox 1721 2856 1750 2913; x_wconf 89' lang='grc'><strong>8.</strong></span> <span class='ocrx_word' id='word_1_54' title='bbox 1776 2848 1828 2910; x_wconf 89' lang='lat' dir='ltr'><strong>illo</strong></span> <span class='ocrx_word' id='word_1_55' title='bbox 1851 2850 1921 2911; x_wconf 93' lang='lat' dir='ltr'><strong>loco</strong></span> <span class='ocrx_word' id='word_1_56' title='bbox 1944 2850 2109 2929; x_wconf 70' lang='lat' dir='ltr'><strong>descriptis</strong></span> <span class='ocrx_word' id='word_1_57' title='bbox 2132 2869 2251 2910; x_wconf 78' lang='lat' dir='ltr'>annexa</span> <span class='ocrx_word' id='word_1_58' title='bbox 2273 2858 2346 2910; x_wconf 88' lang='lat' dir='ltr'><strong>sunt</strong></span> <span class='ocrx_word' id='word_1_59' title='bbox 2367 2848 2482 2912; x_wconf 80' lang='lat' dir='ltr'><strong>haecce</strong></span> 
     </span>
     <span class='ocr_line' id='line_1_6' title="bbox 467 2934 2483 3021; baseline -0.002 -18"><span class='ocrx_word' id='word_1_60' title='bbox 467 2944 529 3003; x_wconf 84' lang='lat' dir='ltr'><strong>(luo</strong></span> <span class='ocrx_word' id='word_1_61' title='bbox 563 2940 714 3005; x_wconf 77' lang='grc' dir='ltr'><em>ἀδέσποτα</em></span> <span class='ocrx_word' id='word_1_62' title='bbox 737 2961 796 3002; x_wconf 86' lang='lat' dir='ltr'><strong>seu</strong></span> <span class='ocrx_word' id='word_1_63' title='bbox 828 2960 993 3021; x_wconf 81' lang='lat' dir='ltr'><strong>anonyma:</strong></span> <span class='ocrx_word' id='word_1_64' title='bbox 1031 2946 1058 3001; x_wconf 91' lang='lat'><strong>1.</strong></span> <span class='ocrx_word' id='word_1_65' title='bbox 1092 2938 1258 3017; x_wconf 71' lang='lat' dir='ltr'><strong>Restitutio</strong></span> <span class='ocrx_word' id='word_1_66' title='bbox 1287 2938 1432 2999; x_wconf 81' lang='lat' dir='ltr'><strong>abusiiam</strong></span> <span class='ocrx_word' id='word_1_67' title='bbox 1459 2958 1574 2999; x_wconf 80' lang='lat' dir='ltr'><strong>coenae</strong></span> <span class='ocrx_word' id='word_1_68' title='bbox 1591 2936 1721 2996; x_wconf 77' lang='lat' dir='ltr'><strong>Domini</strong></span> <span class='ocrx_word' id='word_1_69' title='bbox 1749 2946 1842 3015; x_wconf 84' lang='lat' dir='ltr'><strong>atque</strong></span> <span class='ocrx_word' id='word_1_70' title='bbox 1866 2937 1895 2998; x_wconf 75' lang='lat'><strong>2.</strong></span> <span class='ocrx_word' id='word_1_71' title='bbox 1917 2934 2058 2996; x_wconf 78' lang='lat' dir='ltr'><strong>Emite&#39;ta</strong></span> <span class='ocrx_word' id='word_1_72' title='bbox 2079 2944 2110 2996; x_wconf 89' lang='lat' dir='ltr'><strong>et</strong></span> <span class='ocrx_word' id='word_1_73' title='bbox 2131 2935 2221 2997; x_wconf 79' lang='lat' dir='ltr'><strong>utilis</strong></span> <span class='ocrx_word' id='word_1_74' title='bbox 2243 2934 2420 3016; x_wconf 78' lang='lat' dir='ltr'><strong>disputatio</strong></span> <span class='ocrx_word' id='word_1_75' title='bbox 2441 2936 2483 2998; x_wconf 78' lang='lat' dir='ltr'><strong>dc</strong></span> 
     </span>
    </p>

    <p class='ocr_par' dir='ltr' id='par_1_4' title="bbox 334 3020 2634 3536">
     <span class='ocr_line' id='line_1_7' title="bbox 334 3020 2634 3109; baseline -0.002 -21"><span class='ocrx_word' id='word_1_76' title='bbox 334 3055 336 3060; x_wconf 95' lang='lat'>·</span> <span class='ocrx_word' id='word_1_77' title='bbox 465 3035 625 3109; x_wconf 80' lang='lat' dir='ltr'><strong>potestate</strong></span> <span class='ocrx_word' id='word_1_78' title='bbox 636 3025 817 3105; x_wconf 78' lang='lat' dir='ltr'><strong>Pontificio,</strong></span> <span class='ocrx_word' id='word_1_79' title='bbox 840 3046 917 3106; x_wconf 90' lang='lat' dir='ltr'><strong>quae</strong></span> <span class='ocrx_word' id='word_1_80' title='bbox 929 3028 1020 3087; x_wconf 89' lang='lat' dir='ltr'><strong>etiarn</strong></span> <span class='ocrx_word' id='word_1_81' title='bbox 1032 3027 1062 3086; x_wconf 93' lang='lat' dir='ltr'><strong>in</strong></span> <span class='ocrx_word' id='word_1_82' title='bbox 1073 3024 1162 3097; x_wconf 93' lang='lat' dir='ltr'><strong>libro,</strong></span> <span class='ocrx_word' id='word_1_83' title='bbox 1186 3028 1274 3086; x_wconf 87' lang='lat' dir='ltr'><strong>cuius</strong></span> <span class='ocrx_word' id='word_1_84' title='bbox 1285 3023 1394 3087; x_wconf 89' lang='lat' dir='ltr'><strong>titulus</strong></span> <span class='ocrx_word' id='word_1_85' title='bbox 1407 3032 1473 3085; x_wconf 83' lang='lat' dir='ltr'><strong>est:</strong></span> <span class='ocrx_word' id='word_1_86' title='bbox 1504 3022 1620 3084; x_wconf 72' lang='lat' dir='ltr'><strong>tinelli</strong></span> <span class='ocrx_word' id='word_1_87' title='bbox 1631 3021 1752 3103; x_wconf 76' lang='lat' dir='ltr'><strong>aliquot</strong></span> <span class='ocrx_word' id='word_1_88' title='bbox 1762 3020 1855 3082; x_wconf 78' lang='lat' dir='ltr'><strong>utiles</strong></span> <span class='ocrx_word' id='word_1_89' title='bbox 1866 3020 2013 3103; x_wconf 62' lang='lat' dir='ltr'><strong>Philippa·</strong></span> <span class='ocrx_word' id='word_1_90' title='bbox 2023 3021 2244 3099; x_wconf 80' lang='lat' dir='ltr'><strong>Melanttoais,</strong></span> <span class='ocrx_word' id='word_1_91' title='bbox 2265 3030 2340 3102; x_wconf 85' lang='lat' dir='ltr'><strong>post</strong></span> <span class='ocrx_word' id='word_1_92' title='bbox 2349 3022 2497 3084; x_wconf 84' lang='lat' dir='ltr'><strong>eandem·</strong></span> <span class='ocrx_word' id='word_1_93' title='bbox 2629 3037 2634 3048; x_wconf 73' lang='lat'><strong>⁴</strong></span> 
     </span>
     <span class='ocr_line' id='line_1_8' title="bbox 467 3106 2484 3192; baseline -0.001 -19"><span class='ocrx_word' id='word_1_94' title='bbox 467 3113 520 3174; x_wconf 85' lang='lat' dir='ltr'><strong>De</strong></span> <span class='ocrx_word' id='word_1_95' title='bbox 539 3115 688 3192; x_wconf 73' lang='lat' dir='ltr'><strong>coaiupio</strong></span> <span class='ocrx_word' id='word_1_96' title='bbox 705 3111 911 3172; x_wconf 72' lang='lat' dir='ltr'><strong>Sacerdotem</strong></span> <span class='ocrx_word' id='word_1_97' title='bbox 928 3111 1065 3172; x_wconf 90' lang='lat' dir='ltr'><strong>libellum</strong></span> <span class='ocrx_word' id='word_1_98' title='bbox 1082 3117 1289 3192; x_wconf 87' lang='lat' dir='ltr'><strong>proponuntur</strong></span> <span class='ocrx_word' id='word_1_99' title='bbox 1307 3113 1354 3171; x_wconf 87' lang='lat' dir='ltr'><strong>sic</strong></span> <span class='ocrx_word' id='word_1_100' title='bbox 1372 3111 1533 3189; x_wconf 87' lang='lat' dir='ltr'><strong>inscripta:</strong></span> <span class='ocrx_word' id='word_1_101' title='bbox 1564 3116 1593 3170; x_wconf 91' lang='lat'><strong>1.</strong></span> <span class='ocrx_word' id='word_1_102' title='bbox 1623 3108 1753 3189; x_wconf 77' lang='lat' dir='ltr'><strong>Scripta</strong></span> <span class='ocrx_word' id='word_1_103' title='bbox 1771 3108 1933 3189; x_wconf 78' lang='lat' dir='ltr'><strong>quaedum,</strong></span> <span class='ocrx_word' id='word_1_104' title='bbox 1958 3107 1999 3167; x_wconf 84' lang='lat' dir='ltr'><strong>de</strong></span> <span class='ocrx_word' id='word_1_105' title='bbox 2023 3129 2082 3169; x_wconf 77' lang='lat' dir='ltr'><strong>asu</strong></span> <span class='ocrx_word' id='word_1_106' title='bbox 2102 3110 2221 3189; x_wconf 71' lang='lat' dir='ltr'><strong>intepri</strong></span> <span class='ocrx_word' id='word_1_107' title='bbox 2236 3106 2435 3169; x_wconf 71' lang='lat' dir='ltr'><strong>Saea-amenti</strong></span> <span class='ocrx_word' id='word_1_108' title='bbox 2452 3114 2484 3171; x_wconf 70' lang='lat' dir='ltr'><strong>st</strong></span> 
     </span>
     <span class='ocr_line' id='line_1_9' title="bbox 459 3190 2482 3277; baseline -0.002 -17"><span class='ocrx_word' id='word_1_109' title='bbox 459 3199 569 3277; x_wconf 26' lang='lat' dir='ltr'><strong>,Missa</strong></span> <span class='ocrx_word' id='word_1_110' title='bbox 593 3196 768 3266; x_wconf 63' lang='lat' dir='ltr'><strong>naiaco,</strong></span> <span class='ocrx_word' id='word_1_111' title='bbox 786 3204 881 3277; x_wconf 90' lang='lat' dir='ltr'><strong>atque</strong></span> <span class='ocrx_word' id='word_1_112' title='bbox 903 3199 932 3257; x_wconf 81' lang='lat' dir='ltr'><strong>i.</strong></span> <span class='ocrx_word' id='word_1_113' title='bbox 955 3198 1007 3257; x_wconf 86' lang='lat' dir='ltr'><strong>De</strong></span> <span class='ocrx_word' id='word_1_114' title='bbox 1026 3204 1188 3277; x_wconf 80' lang='lat' dir='ltr'><em>potestate</em></span> <span class='ocrx_word' id='word_1_115' title='bbox 1207 3196 1371 3277; x_wconf 76' lang='lat' dir='ltr'><strong>Pontifim‘s</strong></span> <span class='ocrx_word' id='word_1_116' title='bbox 1393 3204 1424 3256; x_wconf 86' lang='lat' dir='ltr'><strong>et</strong></span> <span class='ocrx_word' id='word_1_117' title='bbox 1445 3193 1694 3276; x_wconf 76' lang='lat' dir='ltr'><strong>Episcoporum,</strong></span> <span class='ocrx_word' id='word_1_118' title='bbox 1724 3194 1848 3255; x_wconf 80' lang='lat' dir='ltr'><strong>statiis</strong></span> <span class='ocrx_word' id='word_1_119' title='bbox 1868 3193 2056 3276; x_wconf 77' lang='lat' dir='ltr'><strong>qmbusdam</strong></span> <span class='ocrx_word' id='word_1_120' title='bbox 2076 3190 2313 3266; x_wconf 61' lang='lat' dir='ltr'><strong>&#39;controversiis</strong></span> <span class='ocrx_word' id='word_1_121' title='bbox 2348 3193 2482 3256; x_wconf 78' lang='lat' dir='ltr'><strong>collecta</strong></span> 
     </span>
     <span class='ocr_line' id='line_1_10' title="bbox 471 3279 2548 3364; baseline -0 -20"><span class='ocrx_word' id='word_1_122' title='bbox 471 3304 568 3363; x_wconf 81' lang='lat' dir='ltr'><strong>opera</strong></span> <span class='ocrx_word' id='word_1_123' title='bbox 591 3291 623 3344; x_wconf 84' lang='lat' dir='ltr'><strong>et</strong></span> <span class='ocrx_word' id='word_1_124' title='bbox 643 3283 752 3343; x_wconf 78' lang='lat' dir='ltr'><strong>studio</strong></span> <span class='ocrx_word' id='word_1_125' title='bbox 787 3282 942 3363; x_wconf 73' lang='lat' dir='ltr'><strong>Caepario</strong></span> <span class='ocrx_word' id='word_1_126' title='bbox 972 3282 1136 3364; x_wconf 74' lang='lat' dir='ltr'><strong>Crucipcri</strong></span> <span class='ocrx_word' id='word_1_127' title='bbox 1163 3283 1317 3360; x_wconf 78' lang='lat' dir='ltr'><strong>Doctorts</strong></span> <span class='ocrx_word' id='word_1_128' title='bbox 1348 3281 1545 3362; x_wconf 72' lang='lat' dir='ltr'><strong>lbcolopiae.</strong></span> <span class='ocrx_word' id='word_1_129' title='bbox 1558 3282 1589 3358; x_wconf 76' lang='lat'><strong>⁴¹)</strong></span> <span class='ocrx_word' id='word_1_130' title='bbox 1647 3279 1787 3343; x_wconf 78' lang='lat' dir='ltr'><strong>Eaedem</strong></span> <span class='ocrx_word' id='word_1_131' title='bbox 1813 3282 2028 3362; x_wconf 72' lang='lat' dir='ltr'><strong>inscriptiones</strong></span> <span class='ocrx_word' id='word_1_132' title='bbox 2050 3279 2192 3362; x_wconf 81' lang='lat' dir='ltr'><strong>leguntur</strong></span> <span class='ocrx_word' id='word_1_133' title='bbox 2213 3283 2243 3341; x_wconf 92' lang='lat' dir='ltr'><strong>in</strong></span> <span class='ocrx_word' id='word_1_134' title='bbox 2266 3279 2482 3344; x_wconf 67' lang='lat' dir='ltr'><strong>Peucetiam</strong></span> <span class='ocrx_word' id='word_1_135' title='bbox 2545 3289 2548 3293; x_wconf 87' lang='grc'><strong><em>’</em></strong></span> 
     </span>
     <span class='ocr_line' id='line_1_11' title="bbox 470 3363 2480 3449; baseline -0 -19"><span class='ocrx_word' id='word_1_136' title='bbox 470 3368 678 3430; x_wconf 79' lang='lat' dir='ltr'><strong>Collectioots</strong></span> <span class='ocrx_word' id='word_1_137' title='bbox 707 3368 842 3448; x_wconf 72' lang='lat' dir='ltr'><strong>Opertae</strong></span> <span class='ocrx_word' id='word_1_138' title='bbox 868 3368 1079 3430; x_wconf 78' lang='lat' dir='ltr'><strong>Melaatboats</strong></span> <span class='ocrx_word' id='word_1_139' title='bbox 1107 3368 1207 3429; x_wconf 81' lang='lat' dir='ltr'><strong>Parte</strong></span> <span class='ocrx_word' id='word_1_140' title='bbox 1223 3369 1269 3430; x_wconf 89' lang='lat'><strong>11.</strong></span> <span class='ocrx_word' id='word_1_141' title='bbox 1289 3390 1319 3449; x_wconf 91' lang='lat' dir='ltr'><strong>p.</strong></span> <span class='ocrx_word' id='word_1_142' title='bbox 1341 3373 1399 3431; x_wconf 90' lang='lat'><strong>181</strong></span> <span class='ocrx_word' id='word_1_143' title='bbox 1426 3375 1518 3441; x_wconf 72' lang='lat' dir='ltr'><strong>extr,</strong></span> <span class='ocrx_word' id='word_1_144' title='bbox 1554 3388 1735 3448; x_wconf 86' lang='lat' dir='ltr'><strong>quamquam</strong></span> <span class='ocrx_word' id='word_1_145' title='bbox 1757 3369 1786 3428; x_wconf 91' lang='lat' dir='ltr'><strong>in</strong></span> <span class='ocrx_word' id='word_1_146' title='bbox 1805 3366 1900 3429; x_wconf 88' lang='lat' dir='ltr'><strong>bacce</strong></span> <span class='ocrx_word' id='word_1_147' title='bbox 1919 3363 2114 3430; x_wconf 73' lang='lat' dir='ltr'><strong>collectione</strong></span> <span class='ocrx_word' id='word_1_148' title='bbox 2137 3375 2252 3431; x_wconf 87' lang='lat' dir='ltr'><strong>tautum</strong></span> <span class='ocrx_word' id='word_1_149' title='bbox 2274 3368 2356 3449; x_wconf 89' lang='lat' dir='ltr'><strong>prior</strong></span> <span class='ocrx_word' id='word_1_150' title='bbox 2373 3365 2480 3429; x_wconf 86' lang='lat' dir='ltr'><strong>horum</strong></span> 
     </span>
     <span class='ocr_line' id='line_1_12' title="bbox 374 3446 2094 3536; baseline -0.001 -21"><span class='ocrx_word' id='word_1_151' title='bbox 374 3451 416 3534; x_wconf 79' lang='grc'><strong>’,</strong></span> <span class='ocrx_word' id='word_1_152' title='bbox 453 3455 596 3516; x_wconf 67' lang='lat' dir='ltr'><strong>=duorum</strong></span> <span class='ocrx_word' id='word_1_153' title='bbox 618 3454 790 3516; x_wconf 85' lang='lat' dir='ltr'><strong>libellorum</strong></span> <span class='ocrx_word' id='word_1_154' title='bbox 812 3476 843 3536; x_wconf 87' lang='lat' dir='ltr'><strong>p.</strong></span> <span class='ocrx_word' id='word_1_155' title='bbox 870 3457 1047 3518; x_wconf 76' lang='lat' dir='ltr'><strong>isi-200.</strong></span> <span class='ocrx_word' id='word_1_156' title='bbox 1069 3456 1133 3517; x_wconf 89' lang='lat' dir='ltr'><strong>init.</strong></span> <span class='ocrx_word' id='word_1_157' title='bbox 1156 3454 1316 3517; x_wconf 79' lang='lat' dir='ltr'><strong>exhibetur</strong></span> <span class='ocrx_word' id='word_1_158' title='bbox 1339 3475 1406 3516; x_wconf 92' lang='lat' dir='ltr'><strong>curu</strong></span> <span class='ocrx_word' id='word_1_159' title='bbox 1429 3460 1543 3519; x_wconf 76' lang='lat' dir='ltr'><strong>annott</strong></span> <span class='ocrx_word' id='word_1_160' title='bbox 1565 3456 1701 3534; x_wconf 78' lang='lat' dir='ltr'><strong>margin,</strong></span> <span class='ocrx_word' id='word_1_161' title='bbox 1720 3446 1816 3516; x_wconf 85' lang='lat' dir='ltr'><strong>altero</strong></span> <span class='ocrx_word' id='word_1_162' title='bbox 1837 3453 1944 3517; x_wconf 88' lang='lat' dir='ltr'><strong>libello</strong></span> <span class='ocrx_word' id='word_1_163' title='bbox 1967 3456 2094 3516; x_wconf 90' lang='lat' dir='ltr'><strong>omisso.</strong></span> 
     </span>
    </p>
   </div>
   <div class='ocr_carea' id='block_1_4' title="bbox 466 3640 2483 3990">
    <p class='ocr_par' dir='ltr' id='par_1_5' title="bbox 466 3640 2483 3990">
     <span class='ocr_line' id='line_1_13' title="bbox 672 3640 2482 3724; baseline 0.002 -23"><span class='ocrx_word' id='word_1_164' title='bbox 672 3640 773 3702; x_wconf 85' lang='lat' dir='ltr'><strong>lluius</strong></span> <span class='ocrx_word' id='word_1_165' title='bbox 806 3640 1026 3720; x_wconf 76' lang='lat' dir='ltr'><strong>Rasatationia</strong></span> <span class='ocrx_word' id='word_1_166' title='bbox 1053 3651 1206 3706; x_wconf 73' lang='lat' dir='ltr'><strong>auctorem</strong></span> <span class='ocrx_word' id='word_1_167' title='bbox 1228 3642 1565 3715; x_wconf 56' lang='lat' dir='ltr'><strong>Melantboneml&#39;esse,</strong></span> <span class='ocrx_word' id='word_1_168' title='bbox 1588 3661 1649 3704; x_wconf 91' lang='lat' dir='ltr'><strong>non</strong></span> <span class='ocrx_word' id='word_1_169' title='bbox 1671 3642 1772 3703; x_wconf 89' lang='lat' dir='ltr'><strong>solam</strong></span> <span class='ocrx_word' id='word_1_170' title='bbox 1794 3662 1834 3703; x_wconf 87' lang='lat' dir='ltr'><strong>ex</strong></span> <span class='ocrx_word' id='word_1_171' title='bbox 1851 3664 1889 3705; x_wconf 92' lang='lat' dir='ltr'><strong>eo</strong></span> <span class='ocrx_word' id='word_1_172' title='bbox 1912 3644 2125 3724; x_wconf 87' lang='lat' dir='ltr'><strong>consequitur,</strong></span> <span class='ocrx_word' id='word_1_173' title='bbox 2149 3641 2284 3723; x_wconf 86' lang='lat' dir='ltr'><strong>quadiu</strong></span> <span class='ocrx_word' id='word_1_174' title='bbox 2307 3641 2366 3705; x_wconf 91' lang='lat' dir='ltr'><strong>bas</strong></span> <span class='ocrx_word' id='word_1_175' title='bbox 2378 3641 2482 3705; x_wconf 86' lang='lat' dir='ltr'><strong>Colle·</strong></span> 
     </span>
     <span class='ocr_line' id='line_1_14' title="bbox 466 3728 2483 3810; baseline 0.001 -22"><span class='ocrx_word' id='word_1_176' title='bbox 466 3728 585 3789; x_wconf 89' lang='lat' dir='ltr'><strong>ctiones</strong></span> <span class='ocrx_word' id='word_1_177' title='bbox 607 3734 731 3807; x_wconf 85' lang='lat' dir='ltr'><strong>recepta</strong></span> <span class='ocrx_word' id='word_1_178' title='bbox 753 3734 812 3799; x_wconf 84' lang='lat' dir='ltr'><strong>est,</strong></span> <span class='ocrx_word' id='word_1_179' title='bbox 835 3729 894 3791; x_wconf 83' lang='lat' dir='ltr'><strong>sed</strong></span> <span class='ocrx_word' id='word_1_180' title='bbox 916 3728 1016 3793; x_wconf 89' lang='lat' dir='ltr'><strong>elucet</strong></span> <span class='ocrx_word' id='word_1_181' title='bbox 1037 3732 1128 3792; x_wconf 89' lang='lat' dir='ltr'><strong>etiarn</strong></span> <span class='ocrx_word' id='word_1_182' title='bbox 1146 3750 1185 3790; x_wconf 84' lang='lat' dir='ltr'><strong>ex</strong></span> <span class='ocrx_word' id='word_1_183' title='bbox 1203 3729 1294 3790; x_wconf 86' lang='lat' dir='ltr'><strong>bisce</strong></span> <span class='ocrx_word' id='word_1_184' title='bbox 1317 3730 1437 3801; x_wconf 85' lang='lat' dir='ltr'><strong>verbis,</strong></span> <span class='ocrx_word' id='word_1_185' title='bbox 1461 3749 1540 3809; x_wconf 88' lang='lat' dir='ltr'><strong>quae</strong></span> <span class='ocrx_word' id='word_1_186' title='bbox 1563 3730 1592 3788; x_wconf 93' lang='lat' dir='ltr'><strong>in</strong></span> <span class='ocrx_word' id='word_1_187' title='bbox 1616 3728 1714 3789; x_wconf 93' lang='lat' dir='ltr'><strong>libelli</strong></span> <span class='ocrx_word' id='word_1_188' title='bbox 1735 3731 1871 3810; x_wconf 87' lang='lat' dir='ltr'><strong>proxima</strong></span> <span class='ocrx_word' id='word_1_189' title='bbox 1892 3729 2104 3810; x_wconf 84' lang='lat' dir='ltr'><strong>praecedentis</strong></span> <span class='ocrx_word' id='word_1_190' title='bbox 2127 3729 2179 3789; x_wconf 85' lang='lat' dir='ltr'><strong>De</strong></span> <span class='ocrx_word' id='word_1_191' title='bbox 2204 3732 2350 3809; x_wconf 82' lang='lat' dir='ltr'><strong>coniugio</strong></span> <span class='ocrx_word' id='word_1_192' title='bbox 2372 3728 2483 3791; x_wconf 78' lang='lat' dir='ltr'><strong>Sacer·-</strong></span> 
     </span>
     <span class='ocr_line' id='line_1_15' title="bbox 466 3812 2480 3896; baseline 0.001 -22"><span class='ocrx_word' id='word_1_193' title='bbox 466 3812 574 3874; x_wconf 83' lang='lat' dir='ltr'><strong>dotum</strong></span> <span class='ocrx_word' id='word_1_194' title='bbox 595 3819 680 3893; x_wconf 88' lang='lat' dir='ltr'><strong>parte</strong></span> <span class='ocrx_word' id='word_1_195' title='bbox 701 3820 835 3875; x_wconf 83' lang='lat' dir='ltr'><strong>extrema</strong></span> <span class='ocrx_word' id='word_1_196' title='bbox 856 3813 1015 3896; x_wconf 84' lang='lat' dir='ltr'><strong>leguntur:</strong></span> <span class='ocrx_word' id='word_1_197' title='bbox 1039 3814 1210 3888; x_wconf 85' lang='lat' dir='ltr'><strong>„Similiter</strong></span> <span class='ocrx_word' id='word_1_198' title='bbox 1227 3815 1265 3877; x_wconf 84' lang='lat' dir='ltr'><strong>de</strong></span> <span class='ocrx_word' id='word_1_199' title='bbox 1289 3813 1425 3876; x_wconf 86' lang='lat' dir='ltr'><strong>horribili</strong></span> <span class='ocrx_word' id='word_1_200' title='bbox 1436 3814 1557 3876; x_wconf 86' lang='lat' dir='ltr'><strong>Missae</strong></span> <span class='ocrx_word' id='word_1_201' title='bbox 1569 3816 1669 3876; x_wconf 89' lang='lat' dir='ltr'><strong>abusu</strong></span> <span class='ocrx_word' id='word_1_202' title='bbox 1688 3821 1719 3876; x_wconf 96' lang='lat' dir='ltr'><strong>et</strong></span> <span class='ocrx_word' id='word_1_203' title='bbox 1740 3816 1888 3877; x_wconf 86' lang='lat' dir='ltr'><strong>connexis</strong></span> <span class='ocrx_word' id='word_1_204' title='bbox 1901 3816 2080 3876; x_wconf 86' lang='lat' dir='ltr'><strong>ceremoniis</strong></span> <span class='ocrx_word' id='word_1_205' title='bbox 2102 3814 2296 3877; x_wconf 86' lang='lat' dir='ltr'><strong>iudicandum</strong></span> <span class='ocrx_word' id='word_1_206' title='bbox 2319 3824 2379 3887; x_wconf 84' lang='lat' dir='ltr'><strong>est,</strong></span> <span class='ocrx_word' id='word_1_207' title='bbox 2401 3815 2480 3876; x_wconf 90' lang='lat' dir='ltr'><strong>Nam</strong></span> 
     </span>
     <span class='ocr_line' id='line_1_16' title="bbox 466 3881 2165 3990; baseline 0.001 -32"><span class='ocrx_word' id='word_1_208' title='bbox 466 3897 631 3980; x_wconf 83' lang='lat' dir='ltr'><strong>adplicaiio</strong></span> <span class='ocrx_word' id='word_1_209' title='bbox 654 3881 773 3958; x_wconf 76' lang='lat' dir='ltr'><strong>lllissae</strong></span> <span class='ocrx_word' id='word_1_210' title='bbox 795 3918 854 3960; x_wconf 92' lang='lat' dir='ltr'><strong>non</strong></span> <span class='ocrx_word' id='word_1_211' title='bbox 876 3910 927 3962; x_wconf 89' lang='lat' dir='ltr'><strong>est</strong></span> <span class='ocrx_word' id='word_1_212' title='bbox 944 3904 1055 3982; x_wconf 85' lang='lat' dir='ltr'><strong>exigua</strong></span> <span class='ocrx_word' id='word_1_213' title='bbox 1076 3908 1130 3963; x_wconf 88' lang='lat' dir='ltr'><strong>aut</strong></span> <span class='ocrx_word' id='word_1_214' title='bbox 1149 3901 1236 3988; x_wconf 82' lang='lat' dir='ltr'><strong>leuis¹</strong></span> <span class='ocrx_word' id='word_1_215' title='bbox 1252 3901 1452 3983; x_wconf 79' lang='lat' dir='ltr'><strong>prophanatio</strong></span> <span class='ocrx_word' id='word_1_216' title='bbox 1475 3897 1598 3990; x_wconf 72' lang='lat' dir='ltr'><strong>coenae</strong></span> <span class='ocrx_word' id='word_1_217' title='bbox 1621 3899 1755 3973; x_wconf 89' lang='lat' dir='ltr'><strong>Domini,</strong></span> <span class='ocrx_word' id='word_1_218' title='bbox 1779 3909 1815 3962; x_wconf 83' lang='lat' dir='ltr'><strong>ut</strong></span> <span class='ocrx_word' id='word_1_219' title='bbox 1835 3921 1892 3962; x_wconf 76' lang='lat' dir='ltr'><strong>suo</strong></span> <span class='ocrx_word' id='word_1_220' title='bbox 1913 3900 1985 3962; x_wconf 80' lang='lat' dir='ltr'><strong>loco</strong></span> <span class='ocrx_word' id='word_1_221' title='bbox 2008 3901 2165 3962; x_wconf 73' lang='lat' dir='ltr'><strong>dicetur.“</strong></span> 
     </span>
    </p>
   </div>
   <div class='ocr_carea' id='block_1_5' title="bbox 466 4021 2481 4303">
    <p class='ocr_par' dir='ltr' id='par_1_6' title="bbox 466 4021 2481 4303">
     <span class='ocr_line' id='line_1_17' title="bbox 671 4021 2481 4151; baseline 0.003 -23"><span class='ocrx_word' id='word_1_222' title='bbox 671 4067 731 4128; x_wconf 86' lang='lat' dir='ltr'><strong>Hic</strong></span> <span class='ocrx_word' id='word_1_223' title='bbox 752 4066 889 4142; x_wconf 76' lang='lat' dir='ltr'><strong>iibeiius,</strong></span> <span class='ocrx_word' id='word_1_224' title='bbox 913 4090 1003 4150; x_wconf 88' lang='lat' dir='ltr'><strong>quem</strong></span> <span class='ocrx_word' id='word_1_225' title='bbox 1026 4071 1058 4132; x_wconf 86' lang='lat' dir='ltr'><strong>i.</strong></span> <span class='ocrx_word' id='word_1_226' title='bbox 1077 4073 1102 4146; x_wconf 93' lang='lat' dir='ltr'><strong>l.</strong></span> <span class='ocrx_word' id='word_1_227' title='bbox 1127 4092 1168 4133; x_wconf 79' lang='lat' dir='ltr'><strong>es</strong></span> <span class='ocrx_word' id='word_1_228' title='bbox 1189 4070 1343 4133; x_wconf 77' lang='lat' dir='ltr'><strong>Editioae</strong></span> <span class='ocrx_word' id='word_1_229' title='bbox 1366 4069 1592 4151; x_wconf 71' lang='lat' dir='ltr'><strong>Witeberpemt</strong></span> <span class='ocrx_word' id='word_1_230' title='bbox 1614 4071 1690 4129; x_wconf 72' lang='lat' dir='ltr'><strong>onii</strong></span> <span class='ocrx_word' id='word_1_231' title='bbox 1710 4073 1802 4132; x_wconf 85' lang='grc'><strong>1549.</strong></span> <span class='ocrx_word' id='word_1_232' title='bbox 1837 4069 2041 4131; x_wconf 85' lang='lat' dir='ltr'><strong>recudendum</strong></span> <span class='ocrx_word' id='word_1_233' title='bbox 2064 4051 2221 4147; x_wconf 85' lang='lat' dir='ltr'><strong>curamus,</strong></span> <span class='ocrx_word' id='word_1_234' title='bbox 2255 4071 2284 4131; x_wconf 96' lang='lat' dir='ltr'><strong>in</strong></span> <span class='ocrx_word' id='word_1_235' title='bbox 2303 4070 2400 4131; x_wconf 85' lang='lat' dir='ltr'><strong>hasce</strong></span> <span class='ocrx_word' id='word_1_236' title='bbox 2415 4021 2481 4133; x_wconf 71' lang='lat' dir='ltr'><strong>tres</strong></span> 
     </span>
     <span class='ocr_line' id='line_1_18' title="bbox 466 4151 2479 4303; baseline 0.001 -88"><span class='ocrx_word' id='word_1_237' title='bbox 466 4161 574 4303; x_wconf 42' lang='lat' dir='ltr'><strong>pariles}</strong></span> <span class='ocrx_word' id='word_1_238' title='bbox 591 4151 920 4303; x_wconf 46' lang='grc' dir='ltr'><strong>ἷάεὲἕίἐνὶίῗίἑηζιῦο</strong></span> <span class='ocrx_word' id='word_1_239' title='bbox 936 4177 994 4218; x_wconf 75' lang='lat' dir='ltr'><strong>aas</strong></span> <span class='ocrx_word' id='word_1_240' title='bbox 1011 4160 1128 4239; x_wconf 67' lang='lat' dir='ltr'><strong>intepet</strong></span> <span class='ocrx_word' id='word_1_241' title='bbox 1148 4156 1345 4219; x_wconf 56' lang='lat' dir='ltr'><strong>wamma·</strong></span> <span class='ocrx_word' id='word_1_242' title='bbox 1367 4159 1513 4239; x_wconf 68' lang='lat' dir='ltr'><strong>corporis</strong></span> <span class='ocrx_word' id='word_1_243' title='bbox 1534 4163 1565 4217; x_wconf 88' lang='lat' dir='ltr'><strong>et</strong></span> <span class='ocrx_word' id='word_1_244' title='bbox 1586 4157 1751 4237; x_wconf 70' lang='lat' dir='ltr'><strong>saapedats</strong></span> <span class='ocrx_word' id='word_1_245' title='bbox 1772 4154 1901 4218; x_wconf 63' lang='lat' dir='ltr'><strong>Ginai.</strong></span> <span class='ocrx_word' id='word_1_246' title='bbox 1949 4159 1978 4217; x_wconf 80' lang='lat' dir='ltr'><strong>i.</strong></span> <span class='ocrx_word' id='word_1_247' title='bbox 2009 4155 2131 4219; x_wconf 79' lang='lat' dir='ltr'><strong>Contra</strong></span> <span class='ocrx_word' id='word_1_248' title='bbox 2155 4159 2313 4239; x_wconf 79' lang='lat' dir='ltr'><strong>privatam</strong></span> <span class='ocrx_word' id='word_1_249' title='bbox 2340 4157 2479 4218; x_wconf 70' lang='lat' dir='ltr'><strong>liliosam.</strong></span> 
     </span>
    </p>
   </div>
   <div class='ocr_carea' id='block_1_6' title="bbox 580 4497 2482 4671">
    <p class='ocr_par' dir='ltr' id='par_1_7' title="bbox 580 4497 2482 4671">
     <span class='ocr_line' id='line_1_19' title="bbox 580 4497 2482 4599; baseline -0.001 -10"><span class='ocrx_word' id='word_1_250' title='bbox 580 4534 606 4599; x_wconf 75' lang='lat' dir='ltr'><strong>&#39;t</strong></span> <span class='ocrx_word' id='word_1_251' title='bbox 624 4537 693 4589; x_wconf 81' lang='lat' dir='ltr'><strong>ilaec</strong></span> <span class='ocrx_word' id='word_1_252' title='bbox 708 4534 838 4598; x_wconf 81' lang='lat' dir='ltr'><strong>inscriptio</strong></span> <span class='ocrx_word' id='word_1_253' title='bbox 855 4534 881 4587; x_wconf 91' lang='lat' dir='ltr'><strong>in</strong></span> <span class='ocrx_word' id='word_1_254' title='bbox 899 4534 957 4586; x_wconf 86' lang='lat' dir='ltr'><strong>iibri</strong></span> <span class='ocrx_word' id='word_1_255' title='bbox 982 4534 1055 4585; x_wconf 82' lang='lat' dir='ltr'><strong>tituio</strong></span> <span class='ocrx_word' id='word_1_256' title='bbox 1077 4532 1185 4596; x_wconf 78' lang='lat' dir='ltr'><strong>iegitur3</strong></span> <span class='ocrx_word' id='word_1_257' title='bbox 1216 4538 1243 4584; x_wconf 84' lang='lat' dir='ltr'><strong>ai</strong></span> <span class='ocrx_word' id='word_1_258' title='bbox 1265 4534 1291 4585; x_wconf 91' lang='lat' dir='ltr'><strong>in</strong></span> <span class='ocrx_word' id='word_1_259' title='bbox 1316 4532 1380 4584; x_wconf 87' lang='lat' dir='ltr'><strong>iibro</strong></span> <span class='ocrx_word' id='word_1_260' title='bbox 1398 4533 1454 4595; x_wconf 86' lang='lat' dir='ltr'><strong>ipso</strong></span> <span class='ocrx_word' id='word_1_261' title='bbox 1483 4534 1577 4595; x_wconf 80' lang='lat' dir='ltr'><strong>(aeque</strong></span> <span class='ocrx_word' id='word_1_262' title='bbox 1601 4543 1631 4584; x_wconf 86' lang='lat' dir='ltr'><strong>ac</strong></span> <span class='ocrx_word' id='word_1_263' title='bbox 1654 4534 1679 4585; x_wconf 82' lang='lat' dir='ltr'><strong>in</strong></span> <span class='ocrx_word' id='word_1_264' title='bbox 1697 4497 1854 4587; x_wconf 79' lang='lat' dir='ltr'><strong>Peuceriana</strong></span> <span class='ocrx_word' id='word_1_265' title='bbox 1874 4534 2028 4587; x_wconf 85' lang='lat' dir='ltr'><strong>coiiectione</strong></span> <span class='ocrx_word' id='word_1_266' title='bbox 2046 4535 2062 4587; x_wconf 91' lang='lat' dir='ltr'><strong>i.</strong></span> <span class='ocrx_word' id='word_1_267' title='bbox 2080 4533 2109 4598; x_wconf 81' lang='lat' dir='ltr'><strong>i.)</strong></span> <span class='ocrx_word' id='word_1_268' title='bbox 2134 4534 2174 4588; x_wconf 85' lang='lat' dir='ltr'><strong>tiis</strong></span> <span class='ocrx_word' id='word_1_269' title='bbox 2192 4535 2278 4587; x_wconf 84' lang='lat' dir='ltr'><strong>verbis</strong></span> <span class='ocrx_word' id='word_1_270' title='bbox 2297 4547 2400 4588; x_wconf 79' lang='lat' dir='ltr'><strong>annexa</strong></span> <span class='ocrx_word' id='word_1_271' title='bbox 2420 4540 2482 4590; x_wconf 86' lang='lat' dir='ltr'><strong>suat</strong></span> 
     </span>
     <span class='ocr_line' id='line_1_20' title="bbox 621 4596 2411 4671; baseline -0.001 -16"><span class='ocrx_word' id='word_1_272' title='bbox 621 4606 729 4656; x_wconf 79' lang='lat' dir='ltr'><strong>haecce:</strong></span> <span class='ocrx_word' id='word_1_273' title='bbox 743 4604 865 4671; x_wconf 75' lang='lat' dir='ltr'><strong>partim</strong></span> <span class='ocrx_word' id='word_1_274' title='bbox 883 4616 963 4654; x_wconf 81' lang='lat' dir='ltr'><strong>anno</strong></span> <span class='ocrx_word' id='word_1_275' title='bbox 985 4604 1058 4655; x_wconf 72' lang='lat'>1540.</span> <span class='ocrx_word' id='word_1_276' title='bbox 1076 4602 1272 4653; x_wconf 65' lang='lat' dir='ltr'><strong>incenatum</strong></span> <span class='ocrx_word' id='word_1_277' title='bbox 1290 4596 1564 4659; x_wconf 72' lang='lat' dir='ltr'><strong>Scimaicaiueos,</strong></span> <span class='ocrx_word' id='word_1_278' title='bbox 1579 4602 1699 4667; x_wconf 79' lang='lat' dir='ltr'><strong>partim</strong></span> <span class='ocrx_word' id='word_1_279' title='bbox 1717 4615 1797 4655; x_wconf 81' lang='lat' dir='ltr'><strong>cano</strong></span> <span class='ocrx_word' id='word_1_280' title='bbox 1816 4603 2000 4670; x_wconf 74' lang='lat' dir='ltr'><strong>sequentiis</strong></span> <span class='ocrx_word' id='word_1_281' title='bbox 2021 4606 2170 4655; x_wconf 77' lang='lat' dir='ltr'><strong>conuentu</strong></span> <span class='ocrx_word' id='word_1_282' title='bbox 2188 4599 2411 4656; x_wconf 74' lang='lat' dir='ltr'><strong>Raitstoaeast.</strong></span> 
     </span>
    </p>
   </div>
   <div class='ocr_carea' id='block_1_7' title="bbox 0 0 2950 6709">
    <p class='ocr_par' dir='ltr' id='par_1_8' title="bbox 0 0 2950 6709">
     <span class='ocr_line' id='line_1_21' title="bbox 0 0 2950 6709; baseline 0 2"><span class='ocrx_word' id='word_1_283' title='bbox 0 0 2950 6709; x_wconf 95' lang='lat' dir='ltr'><strong> </strong></span> 
     </span>
    </p>
   </div>
  </div>
 </body>
</html>
