5892 6709
485 653 553 721 679
1117 650 1228 718 Plllh.
1245 649 1350 716 MEL-
1368 649 1556 718 SCRll’l'A
1570 649 1848 717 DOGlllA'l'lCA.
2403 592 2406 596 Ι
2439 652 2531 722 68)·

486 840 623 910 fuerunt
645 840 817 927 Episcopi,
840 860 904 925 ego
926 839 1086 918 octarus‘,
1115 841 1171 925 qui
1200 860 1317 905 omnes
1345 841 1390 904 ita
1412 842 1471 904 ob·
1523 840 1606 906 didit
1636 852 1783 906 mutuam
1805 839 2048 905 coniunctionis
2070 840 2322 925 appetitionem,
2343 862 2450 929 quac,
2472 857 2510 909 ut

490 923 711 997 servaverunt
728 927 818 994 huuc
841 928 937 991 diem.
981 926 1104 990 Habuit
1126 938 1159 991 ct
1177 924 1295 990 Latina
1317 923 1471 992 Ecclesia
1523 946 1626 1013 supra
1648 926 1726 1005 dlxi,
1747 926 1780 989 in
1798 938 1918 991 natura
1939 928 2070 1010 integra
2092 927 2191 990 etiam
2212 924 2350 1006 fuisset,
2374 940 2407 993 et
2428 926 2510 994 fuis·

486 1016 625 1081 maritos
647 1013 851 1078 Sacerdotes
873 1010 977 1099 longo
998 1024 1159 1095 tempore,
1182 1013 1347 1099 utSyricii
1368 1010 1470 1076 histo·
1523 1023 1577 1076 set
1599 1014 1761 1077 ordinata.
1805 1011 1904 1076 Nunc
1925 1009 2093 1076 inclinatio
2115 1010 2174 1077 illa
2195 1032 2263 1076 non
2286 1011 2418 1079 sublata
2443 1025 2508 1094 est,

487 1102 539 1166 ria
561 1110 712 1170 testatur,
735 1100 791 1184 qui
809 1100 934 1181 primus
957 1095 1117 1163 divellere
1139 1099 1295 1183 coniugia
1306 1097 1470 1163 Sacerdo·
1524 1095 1597 1175 sed,
1619 1111 1656 1163 ut
1677 1098 1756 1176 dixi,
1779 1110 1921 1183 vagatur
1943 1099 2015 1162 siue
2037 1097 2170 1175 ordino,
2192 1098 2269 1163 ideo
2289 1101 2398 1187 magis
2420 1119 2508 1185 opus

488 1198 558 1251 tum
580 1188 613 1249 in
636 1185 797 1268 Hispania
819 1195 960 1249 conatus
979 1196 1041 1262 est,
1063 1185 1125 1249 etsi
1138 1185 1340 1250 Sacerdotes
1352 1181 1471 1266 Hispa·
1524 1196 1577 1248 est
1598 1184 1763 1269 coniugio.
1808 1182 1962 1269 Pugnant
1983 1184 2179 1271 igiturpcum
2201 1198 2330 1264 natura,
2351 1191 2408 1270 qui
2431 1206 2510 1270 pro·

490 1274 523 1337 ni
544 1275 667 1356 pa'rere
689 1272 825 1334 decreto
848 1268 970 1355 Syricii
992 1281 1208 1347 recusarunt,
1235 1273 1275 1334 'et
1296 1281 1471 1353 patronum
1521 1266 1636 1356 hibent
1659 1267 1691 1334 le
1717 1269 1838 1333 itimam
1861 1270 2124 1334 coniunctionem
2147 1270 2248 1334 maris
2276 1283 2310 1334 et
2329 1267 2510 1350 foeminae,

480 1356 678 1423 habuerunt
700 1374 783 1420 suae
801 1375 925 1420 causac
946 1352 1150 1458 Episcopum
1171 1354 1469 1433 Tarraconensem,
1522 1368 1559 1419 ut
1580 1355 1610 1419 si
1632 1291 1847 1440 prohiberent
1864 1353 2024 1419 honorem
2036 1356 2202 1439 praestari
2219 1356 2428 1440 parentibus,
2450 1371 2510 1421 aut

488 1443 545 1529 qui
568 1439 940 1528 respondensliomano
957 1438 1138 1525 Episcopo,
1161 1442 1243 1507 citat
1263 1442 1351 1506 dicta
1362 1437 1472 1505 Evan·
1523 1436 1608 1519 alia,
1660 1461 1723 1505 nae
1751 1441 1908 1506 divinitus
1931 1440 2083 1506 ordinata
2105 1441 2237 1505 suntin
2260 1439 2429 1508 hominum
2451 1463 2510 1507 na·

458 1526 587 1616 ‘gelii,
607 1533 707 1611 ¹q‘nae
741 1536 855 1592 vetant
876 1524 1017 1591 dissolri
1039 1529 1216 1593 connubia.
1260 1525 1331 1592 Sed
1351 1526 1471 1590 rescri-
1523 1537 1609 1591 tura.
1685 1545 1771 1612 eque
1801 1527 1887 1592 enim
1920 1527 2051 1612 excepti
2074 1529 2212 1591 suntab
2231 1523 2297 1592 hoc
2317 1528 2389 1593 iure
2411 1540 2509 1593 natu·

486 1616 555 1698 psit
579 1613 730 1699 Syricius
754 1612 839 1676 adeo
860 1624 1059 1697 arroganter
1079 1634 1122 1678 ac
1143 1610 1276 1690 stolide,
1298 1624 1334 1677 ut
1355 1612 1470 1676 mirum
1523 1632 1580 1678 rac
1602 1608 1672 1691 ulli,
1705 1623 1837 1697 praeter
1859 1631 2022 1699 eosquos
2044 1610 2140 1677 Deus
2162 1614 2311 1696 excepit,
2342 1615 2439 1680 iuxta
2462 1614 2509 1678 di·

487 1701 532 1764 sit
554 1713 678 1765 tantam
701 1710 780 1762 tunc
801 1700 835 1762 in
845 1696 1001 1763 Ecclesia
1023 1699 1196 1776 inscitiam,
1217 1698 1471 1776 audaciam,im·
1523 1708 1612 1762 ctum
1623 1697 1759 1777 Christi,
1781 1696 1945 1777 videlicet,
1967 1698 2023 1783 qui
2044 1709 2101 1762 aut
2117 1709 2235 1763 natura
2256 1698 2399 1764 eunuchi
2417 1712 2512 1778 sunt,

476 1786 656 1871 pietatem,
679 1795 712 1849 et
733 1780 942 1876 tyrannidem
964 1781 1080 1849 fuisse.
1112 1783 1287 1867 Vituperat
1308 1784 1469 1848 honestos
1521 1796 1578 1847 aut
1600 1782 1724 1848 habent
1744 1782 1915 1869 singulare
1937 1786 2071 1848 donum.
2113 1781 2270 1849 Testatur
2291 1796 2400 1850 autem
2413 1783 2510 1849 Chri·

487 1872 641 1947 maritos,
674 1880 708 1933 et
736 1867 975 1934 contumeliose
1001 1881 1100 1936 vocat
1121 1868 1293 1934 libidinum
1316 1868 1470 1935 defenso·
1522 1880 1595 1934 stus
1629 1870 1661 1933 id
1695 1870 1817 1935 donum
1838 1890 1904 1935 non
1929 1871 2122 1954 contingere
2143 1865 2273 1949 multis,
2305 1886 2340 1935 ut
2363 1885 2510 1936 eventus
2561 1913 2564 1918 -

487 1976 557 2021 res,
599 1952 732 2020 lnsulse
755 1955 930 2041 detorquet
951 1967 985 2020 et
1006 1957 1129 2021 dictum
1141 1953 1235 2020 Pauli
1258 1966 1374 2019 contra
1392 1975 1470 2020 con·
1523 1956 1679 2020 ostendit.
1723 1955 1766 2021 Et
1798 1956 1946 2020 iudicare
2001 1956 2119 2039 uisque
2145 1952 2244 2019 facile
2265 1966 2394 2039 potest,
2430 1957 2511 2042 quid

487 2042 630 2128 ingiam:
665 2040 701 2105 Si
724 2041 907 2105 secundum
932 2061 1065 2106 carnem
1088 2042 1254 2120 vixeritis,
1277 2042 1468 2106 moriemini.
1522 2037 1602 2105 velit
1626 2039 1750 2106 Paulus
1772 2042 1941 2127 inquiens:
2001 2038 2084 2104 elius
2095 2053 2148 2105 est
2166 2043 2304 2120 nubere,
2322 2063 2424 2145 quam
2446 2043 2510 2107 uri.

487 2127 525 2193 Si
548 2139 639 2191 tanta
663 2137 735 2190 erat
756 2127 904 2205 inscitia,
928 2138 961 2192 ut
984 2128 1200 2192 arbitraretur
1221 2125 1288 2191 hoc
1310 2127 1399 2191 dicto
1421 2128 1469 2192 ri·
1522 2124 1605 2189 Cum
1627 2127 1726 2210 igitur
1747 2130 1799 2192 ius
1822 2128 1969 2192 divinum
1990 2136 2025 2190 et
2054 2123 2204 2191 naturale
2234 2129 2443 2211 praecrpiant
2463 2130 2510 2193 uti

487 2212 633 2297 inperari
655 2212 858 2298 coniugium,
880 2210 985 2276 multo
1004 2214 1135 2300 dignior
1156 2212 1216 2278 fuit
1233 2212 1395 2297 syricius,
1414 2212 1470 2298 qni
1523 2212 1680 2297 coniugio
1702 2215 1866 2291 omnibuS,
1891 2214 1948 2297 qul
1971 2231 2038 2277 non
2061 2225 2136 2276 sunt
2155 2212 2200 2275 ad
2217 2210 2416 2278 coelibatum
2439 2214 2512 2280 ido·

485 2319 597 2363 remos
620 2300 654 2360 in
676 2300 753 2363 navi
776 2299 929 2382 agitaret,
951 2319 1050 2384 quam
1072 2300 1127 2384 qui
1148 2298 1190 2362 ad
1208 2295 1469 2383 gubernaculum
1520 2300 1586 2377 nei,
1608 2307 1642 2362 et
1658 2300 1864 2364 consuetudo
1885 2299 2009 2383 primae
2021 2295 2196 2363 Ecclesiae
2218 2309 2370 2378 testetur,
2389 2299 2513 2364 Sacer·

486 2387 520 2449 in
542 2382 697 2449 Ecclesia
719 2382 845 2447 Christi
867 2383 1010 2448 sederet.
1042 2377 1123 2449 'Sed
1157 2385 1187 2448 si
1219 2384 1330 2448 sciens
1353 2386 1400 2448 ita
1419 2382 1469 2449 ln·
1522 2383 1619 2448 dotes
1641 2380 1748 2448 fuisse
1768 2386 1917 2463 oraritos,
1940 2384 2022 2449 satis
2044 2380 2158 2468 liquet,
2180 2381 2290 2470 legem
2308 2381 2514 2451 dccoeliba·

486 2472 540 2548 sit,
563 2469 763 2554 impudentia
780 2467 886 2533 multo
908 2472 1016 2556 magis
1037 2466 1098 2534 fuit
1120 2471 1220 2556 digna
1242 2471 1337 2547 odio,
1370 2490 1470 2555 quam
1522 2480 1559 2534 tu
1591 2470 1745 2535 iniustam
1767 2482 1800 2535 et
1822 2469 2023 2535 abolendam
2046 2489 2142 2548 esse,
2176 2480 2209 2533 et
2231 2470 2431 2536 sacerdotes
2456 2470 2515 2557 qul

486 2556 631 2620 inscitia.
679 2553 800 2619 Vivere
823 2556 1007 2619 secundum
1029 2577 1175 2635 carnem,
1198 2567 1249 2619 est
1271 2575 1369 2620 ruere
1391 2575 1470 2621 con·
1522 2555 1648 2621 ducunt
1669 2576 1805 2635 uxores,
1826 2569 1918 2620 recte
1940 2568 1974 2620 et
1995 2558 2048 2638 pic
2070 2551 2194 2621 facere.
2227 2555 2297 2620 Sed
2319 2557 2397 2641 quia
2422 2557 2516 2622 banc

487 2654 538 2706 tra
560 2641 717 2705 mandata
738 2638 816 2717 Dei,
837 2660 905 2705 non
927 2641 1096 2725 significat
1116 2644 1164 2708 uti
1185 2642 1359 2726 coniugio,
1381 2642 1469 2719 cibo,
1521 2641 1730 2706 verissimam
1764 2644 1958 2710 sentenh'am
1992 2641 2122 2725 quidam
2144 2642 2264 2724 ineptis
2288 2639 2514 2708 cavillationi·

485 2738 578 2813 poto,
602 2727 696 2791 iuxta
717 2725 874 2789 mandata
892 2724 967 2789 Dei.
1011 2726 1135 2791 Postea
1147 2726 1333 2814 Gregorius
1356 2746 1478 2793 sacer,
1521 2727 1586 2791 bas
1607 2723 1811 2792 labefactare
1833 2740 2006 2805 conantur,
2031 2726 2094 2790 has
2118 2728 2264 2792 breviter
2285 2724 2470 2793 diluemus.

487 2816 600 2878 dotum
623 2811 777 2895 coniugia
799 2812 950 2876 distraxit
972 2813 1005 2875 in
1024 2809 1149 2893 Sicilia,
1170 2829 1219 2878 ac*
1234 2810 1392 2897 paulatim
1413 2832 1470 2877 ve-

486 2910 542 2963 tus
576 2898 784 2963 consuetudo
817 2895 944 2961 abolita
976 2908 1038 2964 est.
1092 2898 1129 2964 ln
1166 2898 1345 2963 Germania
1377 2918 1469 2977 sero,

392 2979 394 2984 ’
486 2985 584 3048 etiam
607 2978 811 3048 reclamante
832 2982 1001 3068 Episcopo
1023 2983 1234 3071 Augustano,
1255 2995 1291 3049 ut
1318 3005 1338 3048 a
1363 2994 1468 3069 paret,

374 3071 377 3078 ’
484 3070 582 3156 gravi
616 3070 688 3134 viro
713 3064 838 3148 Ulrico,
871 3070 913 3133 im
939 3070 1061 3134 ositum
1094 3083 1146 3136 est
1174 3091 1259 3136 onus
1282 3006 1467 3136 coelibatus
1890 3054 2135 3142 confutatio.

484 3154 881 3221 nostrissacerdotibns.
915 3091 1270 3243 1habbiaittogumma
1302 3176 1378 3222 cum
1411 3158 1467 3221 de-

486 3253 615 3309 cretum
649 3237 867 3306 Hildabrandi
902 3242 1058 3305 teterrimi
1086 3244 1227 3307 monstri
1265 3261 1467 3328 proponere·

482 3339 539 3392 tur
561 3327 603 3392 de
627 3324 805 3405 coelibatu,
840 3338 933 3391 tanto
956 3324 1095 3393 tumultu
1118 3328 1323 3412 repudiatum
1345 3340 1398 3394 est
1418 3327 1466 3391 in·
1605 3322 1724 3391 Praeci
1748 3346 1790 3389 ua
1812 3321 1978 3391 cavillatio
2003 3336 2055 3390 est
2075 3325 2117 3389 de
2138 3336 2230 3391 voto.
2273 3322 2346 3389 Etsi
2367 3338 2514 3429 propter

483 3414 608 3478 lustum
641 3423 674 3476 et
703 3423 798 3497 turpe
819 3413 976 3492 edictum,
1005 3426 1043 3479 ut
1074 3433 1160 3498 pene
1189 3435 1307 3481 manus
1328 3415 1468 3479 iniectae
1519 3430 1604 3497 opes
1626 3422 1660 3476 et
1680 3346 1893 3497 splendorem
1916 3412 2127 3476 sacerdotum
2149 3410 2335 3476 defenditur
2358 3409 2513 3477 ooelrba·

483 3496 607 3564 fuerint
629 3497 800 3582 Episcopo
817 3497 1015 3584 Mogontino
1037 3510 1071 3563 et
1093 3498 1255 3579 Coriensi,
1288 3501 1343 3587 qui
1376 3497 1467 3585 lega·
1517 3511 1583 3576 tus,
1617 3510 1728 3564 tamen
1750 3509 1863 3563 votum
1884 3498 2095 3584 praetexitur.
2139 3495 2237 3561 Multi
2257 3495 2425 3576 fatentur,
2448 3498 2511 3564 Sa·

484 3596 540 3650 tus
559 3596 632 3649 erat
655 3580 884 3661 Eildcbrandi,
917 3585 981 3648 etsi
1002 3583 1216 3671 Mogontinus
1238 3584 1300 3652 fuit
1315 3587 1466 3672 aequior,
1519 3583 1689 3665 cerdotes‚
1720 3586 1750 3648 si
1782 3595 1862 3648 voto
1886 3604 1953 3648 non
1974 3584 2220 3668 impedirentur,
2252 3602 2355 3668 posse
2377 3603 2511 3649 uxores

507 3670 541 3735 ui
563 3669 716 3754 promisit
736 3690 775 3733 se
797 3669 949 3734 daturum
971 3691 992 3735 o
1016 3691 1118 3749 eram,
1150 3685 1186 3738 ut
1207 3669 1468 3744 Hildebrandum
1518 3671 1653 3748 ducere,
1664 3669 1734 3735 Sed
1778 3670 1833 3733 uia
1853 3681 1967 3734 votum
1989 3670 2145 3748 accessit,
2166 3681 2282 3734 arcent
2302 3687 2364 3733 eos
2385 3689 2410 3734 a
2429 3690 2512 3733 con·

483 3691 527 3821 Ee
550 3755 716 3821 sententia
740 3756 931 3820 deduceret.
976 3692 1082 3820 blulta
1114 3754 1180 3821 alia
1202 3758 1389 3822 testimonia
1411 3777 1467 3821 ex·
1518 3755 1620 3839 iugio.
1639 3773 1644 3790 ¹
1664 3755 1732 3821 Sed
1755 3689 1851 3818 haec
1872 3755 2015 3819 obiectio
2037 3752 2149 3820 multis
2171 3753 2367 3819 firmissimis
2390 3756 2511 3821 causis

483 3853 566 3922 tant,
590 3862 676 3928 quae
699 3842 879 3907 ostendunt
899 3841 1076 3908 admodum
1097 3855 1262 3908 recentem
1284 3863 1362 3907 esse
1380 3840 1467 3905 hanc
1518 3841 1654 3906 refutari
1672 3850 1795 3925 potest.
1839 3836 1892 3904 Ac
1913 3842 2104 3926 priusquam
2125 3842 2169 3906 ad
2191 3836 2428 3906 refutationem
2451 3861 2508 3906 ac-

482 3925 594 4016 legem
618 3927 660 3992 de
682 3926 863 4004 coelibatu,
884 3946 970 4013 quae
993 3946 1081 3992 nnnc
1100 3930 1141 3992 ab
1164 3929 1367 4008 adversariis
1389 3925 1465 4013 plus
1519 3929 1616 4007 cedo,
1636 3925 1704 3993 hoc
1725 3921 1863 4012 postulo
1878 3927 1924 3990 ab
1945 3926 2030 4000 istis,
2053 3926 2110 4013 qui
2132 3940 2245 3992 votum
2267 3924 2435 4012 allegant:
2468 3925 2508 3992 Si

483 4035 584 4100 quam
605 4014 799 4080 Neroniana
821 4012 1017 4078 crudelitate
1039 4011 1235 4079 defenditur.
1270 4014 1467 4100 Quanquam
1518 4025 1644 4079 tantum
1666 4025 1746 4077 voto
1768 4011 1941 4096 impeditor
1963 4013 2169 4098 coniugium,
2192 4032 2253 4077 cur
2273 4033 2341 4077 uon
2362 4009 2508 4078 abolent

483 4115 596 4166 antem
631 4120 685 4163 res
704 4112 785 4165 nota
806 4102 861 4178 sit,
895 4110 1002 4163 tamen
1024 4096 1109 4164 haec
1131 4103 1304 4181 recensui,
1334 4113 1371 4165 ut
1392 4101 1466 4185 ipsa
1511 4098 1675 4185 Episcopi
1697 4117 1821 4163 morem
1842 4099 1998 4178 vovendi,
2022 4119 2097 4163 cum
2119 4099 2253 4164 rideant
2273 4099 2351 4163 iride
2371 4109 2508 4163 tantum

483 4184 637 4272 exempla
660 4184 960 4250 commonefaciant
980 4182 1143 4264 lectores,
1177 4188 1365 4273 coniugium
1398 4205 1465 4250 non
1518 4185 1598 4249 oriri
1620 4180 1812 4250 scelerum?
1830 4205 1904 4249 cum
1927 4185 2060 4251 videant
2070 4182 2258 4250 Ecclesiam
2279 4184 2364 4248 adeo
2388 4180 2507 4248 defor-

482 4294 633 4359 pugnare
656 4294 731 4336 cum
754 4272 882 4344 ordine,
904 4283 939 4334 ut
961 4268 1061 4355 aliqui
1080 4275 1256 4351 somniant,
1278 4285 1312 4337 et
1322 4291 1385 4337 nos
1397 4290 1466 4336 nou
1517 4281 1638 4335 matam
1662 4289 1740 4333 esse
1761 4270 1986 4353 spurcissimis
2007 4273 2154 4335 moribus
2175 4268 2414 4355 plurimorum?
2429 4269 2508 4335 Nec
2551 4299 2554 4304 ·

482 4379 561 4423 essc
582 4369 718 4423 autores
741 4358 819 4421 nori
841 4352 981 4441 exempli
1004 4357 1036 4419 in
1048 4355 1214 4437 Ecclesia,
1236 4358 1297 4422 sed
1319 4370 1465 4423 veterem
1518 4355 1652 4421 dubium
1674 4366 1737 4433 cst,
1758 4353 1910 4439 singulos
1931 4354 2119 4441 Episcopos
2145 4355 2232 4421 hanc
2255 4356 2400 4421 vovendi
2424 4376 2505 4421 con·

483 4455 517 4527 et
539 4446 626 4529 piam
648 4443 923 4509 consuetudinem¹
944 4462 1116 4507 revocare.
1518 4441 1727 4507 suetudinem
1758 4440 1792 4505 in
1813 4459 1876 4506 sua
1898 4440 2043 4506 dioecesi
2064 4452 2098 4505 et
2120 4461 2223 4528 posse
2244 4454 2279 4507 et
2295 4441 2425 4507 debere
2446 4444 2506 4508 ab·

1516 4546 1651 4614 rogare.
1672 4524 1804 4592 Deinde
1824 4524 1909 4591 haec
1931 4537 2001 4591 tota
2023 4529 2232 4594 consuetudo
2247 4527 2393 4593 vovendi
2407 4548 2507 4613 pror·

1517 4631 1577 4678 sus
1598 4611 1753 4677 dissentit
1774 4632 1796 4677 a
1816 4624 1935 4676 natura
1957 4613 2037 4689 voti,
2059 4625 2093 4677 et
2112 4612 2213 4697 plena
2235 4624 2288 4679 est
2302 4613 2505 4699 ambiguita-

1516 4707 1603 4777 tum,
1618 4696 1663 4762 Ut
1684 4697 1883 4784 llypocn'sis
1905 4691 1957 4764 est
1979 4696 2157 4785 flexiloqna
2191 4711 2224 4763 et
2251 4699 2416 4784 ambages
2445 4696 2505 4762 ha·

726 4774 939 4878 Quintum
955 4785 1252 4888 argumentum.
1516 4785 1573 4849 het
1593 4780 1763 4868 plurimas.
1786 4782 1943 4863 Primum,
1965 4784 2093 4849 etiamsi
2109 4789 2244 4863 vovent,
2261 4796 2370 4849 tamen
2382 4802 2505 4850 omues

1539 4871 1572 4935 ui
1594 4871 1759 4936 accedunt
1780 4868 1824 4934 ad
1844 4867 1934 4935 hunc
1952 4870 2104 4955 gradum,
2128 4868 2264 4935 mallent
2284 4887 2505 4947 uonvorere,

1143 5024 1151 5042 ‚
1515 4891 1631 5023 lolem
1663 4955 1751 5020 vitae
1782 4973 1891 5042 genus
1925 4967 2096 5021 oneratum
2130 4976 2208 5021 essa
2240 4954 2305 5021 hac
2327 4956 2504 5022 servitute.

537 5027 544 5044 ⁶
568 5022 741 5093 Naturali*
760 5046 842 5130 ‚vele
864 5039 941 5091 sunl
962 5021 1193 5130 immulflblhffg
1212 5044 1276 5089 ¹¹⁰⁰
1297 5022 1465 5129 Pfflhlbfffl
1515 5039 1636 5120 Porro,
1658 5040 1734 5106 Non
1757 5052 1810 5106 est
1832 5052 1968 5122 votum,-
1983 5041 2072 5127 quod
2095 5053 2238 5108 nonest
2265 5039 2502 5107 voluntariam.

482 5112 612 5202 legllllls
635 5113 788 5213 humanus·
811 5124 983 5216 PESSllllh.
1001 5124 1039 5177 ut
1060 5124 1217 5213 appelllll?
1239 5123 1274 5175 Ol
1294 5111 1466 5216 um.⁰¹l'i
1516 5126 1736 5213 Temporibus
1757 5126 1842 5194 haec
1863 5138 1998 5213 recepta
2019 5141 2109 5204 gum,
2132 5140 2165 5192 et
2182 5127 2378 5193 fflssfil‘lllssul
2391 5147 2505 5194 exem.

482 5222 524 5267 ac
546 5212 658 5286 polus.
704 5196 872 5284 Appellllo
902 5219 1003 5263 malls
1037 5199 1087 5284 mh
1112 5194 1288 5301 foeminam
1310 5208 1363 5262 (231
1384 5218 1465 5261 tuns
1517 5210 1584 5297 plis
1605 5210 1782 5279 multorum
1803 5226 1837 5278 et
1881 5222 2038 5278 mentum,
2064 5212 2158 5278 1150ss
2172 5212 2341 5300 Teliquum
2363 5210 2506 5301 vulgas,

483 5284 658 5352 naturalis=
677 5283 775 5371 Ergo
799 5303 865 5348 non
878 5281 1236 5370 esthamanislegrbus
1247 5283 1466 5368 prohibenda.
1518 5309 1556 5365 ut
1587 5296 1675 5364 ,0102
1706 5297 1790 5380 fieri,
1821 5233 1976 5366 tmlratur,
2019 5298 2088 5365 sed
2120 5319 2175 5365 m
2206 5301 2282 5384 tp„
2302 5300 2463 5367 dissentit
2483 5317 2508 5365 ῃ

1024 5435 1034 5452 ,
1520 5395 1639 5450 natura
1671 5390 1750 5450 voti.
1796 5385 1922 5452 Omnes
1955 5386 2040 5449 enim
2073 5386 2146 5450 sani
2178 5383 2314 5451 mallent
2335 5386 2403 5451 sibi
2425 5403 2506 5452 coe·

567 5472 731 5539 Minorem
761 5474 941 5539 ostendunt
974 5472 1062 5538 dicta
1087 5473 1121 5537 ln
1144 5470 1289 5538 Genesi:
1335 5469 1469 5536 Creavit
1521 5467 1596 5536 cedi
1619 5473 1817 5559 coniugium.
1861 5471 1932 5537 Sed
1952 5472 2122 5537 rideamus
2140 5472 2304 5560 ambigua
2348 5470 2436 5538 Scio
2456 5471 2505 5536 di·

481 5557 578 5626 Deus
600 5559 785 5626 masculum
807 5573 840 5626 et
862 5558 1052 5627 foeminam.
1096 5558 1227 5634 Quibus
1243 5553 1399 5625 videlicet
1419 5557 1468 5622 in·
1519 5558 1629 5624 varab
1658 5559 1769 5624 modis
1800 5558 1941 5643 proponi
1974 5554 2220 5644 obligationem.
2285 5554 2355 5625 Alii
2387 5558 2507 5624 dicum
