5892 6709
463 695 529 762 5⁰3
1087 691 1200 759 Plllh.
1217 691 1321 758 MEL-
1337 690 1527 759 scama
1543 688 1822 758 nonnanes.
2413 691 2485 760 att

463 885 538 974 Ego
561 885 704 973 gestabo
727 902 803 964 vos,
824 884 911 948 sicut
932 893 1087 967 pastores
1103 902 1212 970 agnos
1232 899 1354 948 recens
1375 882 1444 948 edi·
1495 882 1572 946 sinu
1592 881 1720 947 aeterni
1732 880 1853 960 Patris,
1879 890 1913 946 et
1935 878 2149 945 credentibus
2170 879 2317 946 ostendit
2337 890 2483 967 patrem.

464 984 519 1037 tos
536 974 571 1039 in
592 971 720 1061 gremio
742 990 806 1035 suo
828 981 971 1055 mmuh
1495 965 1686 1034 lUS'l'lTlA
1708 978 1772 1046 est,
1804 967 1882 1053 quia
1914 977 2054 1073 propter
2086 986 2162 1034 eom
2183 966 2304 1032 danttn
2324 968 2483 1034 remissio

683 1087 695 1121 s
1494 1065 1709 1138 peccatorum
1722 1064 1755 1118 et
1767 1051 2005 1132 reconciliatio,
2028 1072 2094 1158 qua
2112 1070 2227 1117 coram
2240 1051 2314 1118 Deo
2328 1054 2421 1133 iusti,
2447 1053 2485 1120 id

1497 1151 1560 1219 est,
1583 1140 1712 1225 accepti
1729 1159 1854 1205 sumus.
1893 1139 1957 1205 Est
1978 1151 2010 1204 ct
2031 1137 2380 1244 bANCTlElCATlO,
2404 1140 2485 1226 quh

784 1372 794 1390 ,
891 1291 1009 1359 mn.
1495 1223 2484 1400 tt,{inanitatintltlhttsltliltsttai,

1328 1480 1330 1483 Ι
1495 1409 1644 1464 sanctus.
1700 1396 1763 1462 Est
1795 1409 1829 1463 et
1849 1395 2094 1476 REDEMTlO,
2137 1397 2172 1462 id
2200 1409 2264 1478 est,
2306 1395 2486 1479 liberator,

548 1481 629 1549 ldeo
651 1481 776 1550 Paulus
807 1484 926 1569 inquit:
959 1482 1095 1549 Habitat
1105 1484 1155 1570 ‚in
1176 1479 1310 1547 Christo
1341 1477 1446 1567 pleni·
1495 1505 1556 1571 per
1588 1501 1687 1571 quem
1720 1486 1869 1549 redemta
1900 1494 1956 1549 est
1986 1480 2159 1561 Ecclesia,
2200 1495 2235 1548 et
2260 1481 2431 1566 ‚liberatur
2462 1503 2487 1550 a

464 1570 542 1636 tudo
565 1570 746 1637 divinitatis
774 1567 1006 1655 corporaliter.
1049 1569 1113 1634 llic
1134 1570 1201 1634 duo
1223 1580 1301 1633 sunt
1330 1570 1446 1634 discri-
1495 1581 1602 1634 morte
1634 1581 1788 1648 aeterna,
1822 1581 1856 1635 et
1890 1572 2033 1635 donatur
2055 1566 2164 1654 gloria
2185 1580 2220 1634 et
2240 1571 2308 1635 vita
2330 1582 2485 1636 aeterna.

462 1657 563 1736 mina,
585 1676 673 1743 qnae
694 1657 745 1720 sic
767 1656 976 1740 interpretor.
1015 1655 1053 1720 ln
1074 1654 1149 1720 aliis
1170 1656 1296 1719 sanctis
1318 1655 1447 1720 habitet
1495 1655 1558 1721 Est
1579 1668 1689 1722 autem
1711 1653 1852 1722 ethaeo
1875 1656 2056 1739 descriptio
2085 1654 2261 1722 effectuum
2284 1653 2412 1721 Christi
2434 1669 2485 1722 te·

462 1742 559 1808 Deus
580 1740 826 1827 separabiliter,
850 1743 976 1807 docens
998 1755 1033 1807 et
1053 1761 1192 1808 movens
1214 1759 1291 1819 eos,
1323 1751 1357 1804 et
1378 1762 1446 1806 non
1497 1743 1697 1822 stimonium,
1720 1743 1809 1827 quod
1838 1743 1882 1806 sit
1904 1742 2124 1827 omnipotens
2170 1741 2223 1807 Ac
2243 1741 2413 1827 pertinent
2435 1743 2487 1807 di·

463 1838 566 1894 totam
600 1830 796 1914 sapientiam
830 1839 863 1893 et
895 1830 1004 1893 omnia
1037 1828 1126 1893 dona
1153 1827 1284 1906 tribuit,
1318 1828 1380 1891 sed
1412 1828 1446 1892 in
1497 1840 1550 1893 cta
1574 1829 1616 1894 de
1637 1830 1795 1902 missione
1810 1840 1890 1893 ante
1906 1828 2145 1893 assumtionem
2161 1825 2326 1893 humanae
2341 1840 2486 1895 naturae

465 1911 600 1980 Christo
622 1914 751 1980 habitat
771 1917 962 1997 σωματικῶς,
979 1915 1026 1979 td
1048 1926 1111 1993 est,
1142 1916 1200 1992 ita,
1233 1923 1271 1977 ut
1292 1912 1358 1980 sint
1379 1933 1446 1977 ona
1496 1915 1541 1978 ad
1563 1914 1653 1979 hanc
1673 1914 1954 1999 propositionem,
1986 1912 2161 1993 videlicet,
2192 1911 2366 1978 Abraham
2400 1914 2486 1982 vidit

463 2020 609 2085 persona
629 2001 716 2083 λόγος
738 2011 771 2065 et
790 2013 909 2067 namra
931 2010 1092 2079 assumta,
1127 2011 1159 2065 et
1187 2000 1251 2063 sitit
1272 1998 1337 2064 haa
1360 1999 1447 2064 duae
1497 2000 1585 2064 diern
1605 2021 1713 2065 meum
1734 2012 1769 2066 et
1789 1998 1934 2065 laetatus
1958 2011 2021 2066 est
2049 2003 2138 2080 Item,
2160 1998 2349 2085 Antequam
2371 2000 2486 2066 Abra·

463 2097 603 2152 naturae
635 2084 902 2172 inseparabiliter
932 2087 1064 2151 lunmae
1092 2087 1127 2151 in
1148 2097 1219 2151 tota
1241 2086 1446 2151 aeternitate.
1496 2084 1574 2150 ham
1596 2097 1783 2167 natusest,
1811 2107 1830 2151 e
1855 2107 1876 2151 o
1898 2107 1981 2152 sum.
2027 2086 2120 2165 ltem‚
2149 2083 2203 2165 miv
2230 2082 2326 2169 ἄρχῆν
2354 2082 2405 2150 ὅτι
2431 2089 2486 2150 acl

462 2169 550 2236 Nam
570 2183 607 2237 ut
629 2194 693 2237 nos
716 2173 854 2238 dicinrus
873 2193 961 2237 nnnc
977 2176 1099 2238 usitato
1118 2191 1273 2237 sermone
1289 2191 1446 2256 persona,
1496 2174 1579 2236 λαλῶ
1599 2171 1679 2254 ὑμῖν.
1702 2172 1795 2252 ltem,
1828 2109 1945 2250 ithus,
1969 2173 2025 2258 qni
2047 2184 2099 2237 est
2119 2173 2153 2235 in
2175 2172 2252 2236 sinu
2263 2171 2386 2251 Patris,
2410 2171 2487 2257 ipse

464 2258 515 2322 sic
538 2256 662 2323 Graeci
685 2260 837 2324 dixerunt
859 2260 960 2340 σῶμα.
1004 2258 1047 2323 Et
1081 2280 1155 2324 cum
1187 2257 1275 2337 λόγος
1307 2259 1340 2320 in
1372 2278 1446 2340 per·
1497 2259 1666 2323 enarravit
1675 2260 1784 2323 nobis.
1813 2258 1907 2333 ltem,
1924 2257 1976 2322 Ex
1987 2256 2191 2341 plenitudine
2201 2258 2274 2321 eius
2286 2277 2351 2321 nos
2363 2277 2485 2339 omnes

465 2364 551 2408 sona
574 2343 698 2409 Christi
727 2346 772 2410 sit
804 2342 1028 2410 essentialiter
1050 2343 1163 2423 Deus,
1197 2345 1242 2409 ibi
1275 2340 1445 2429 plenitudo
1497 2345 1699 2430 accepimus,
1731 2344 1836 2430 inquit
1857 2344 2020 2427 Baptista,
2054 2344 2179 2408 Omnes
2202 2344 2320 2408 Patres
2344 2355 2378 2407 et
2401 2342 2487 2409 Pro-

463 2442 517 2494 est
526 2432 704 2513 potentiae,
726 2431 908 2518 sapientiae
915 2476 927 2511 ,
948 2433 1104 2512 iustitiae,
1126 2432 1229 2511 vitae,
1247 2441 1281 2495 et
1302 2429 1446 2495 omniurn
1495 2430 1816 2523 phetasoaccepisse
1837 2427 2055 2516 Evangelium
2089 2441 2123 2494 et
2155 2427 2415 2493 vivificationem
2449 2439 2487 2495 et

464 2518 637 2582 donorum.
1496 2516 1655 2583 iustitiam
1686 2518 1730 2581 ad
1763 2518 1864 2583 vitam
1896 2528 2078 2596 aeternam,
2111 2515 2214 2582 dante
2244 2512 2313 2580 hoc
2333 2512 2419 2580 Filio
2448 2526 2487 2583 et

1495 2614 1633 2689 propter
1654 2623 1740 2669 eum.

887 2769 1022 2838 xxnn

551 2959 682 3026 Primae
705 2960 853 3028 Corinth.
869 2960 920 3025 10.
953 2958 1079 3027 Paulus
1101 2955 1256 3039 affirmat,
1278 2958 1446 3034 Christum
1931 2890 2032 2960 XXV

463 3043 616 3113 adfuisse
647 3045 772 3134 populo
806 3046 912 3112 lsrael
943 3049 976 3113 in
1010 3049 1154 3113 deserto.
1202 3047 1370 3112 Bibcbant
1402 3069 1446 3113 ex
1582 3043 1692 3112 Valde
1714 3045 1910 3111 confirmant
1936 3046 2026 3131 pianr
2047 3055 2187 3112 mentem
2211 3046 2418 3133 cogitantem
2440 3046 2485 3112 da

464 3130 629 3197 sirituali
661 3138 838 3199 comitante
871 3150 931 3199 eos
964 3145 1070 3218 petra,
1099 3131 1200 3197 Petra
1230 3144 1342 3198 antem
1373 3144 1446 3198 erat
1497 3134 1665 3199 divinitate
1697 3134 1730 3197 in
1758 3129 1841 3200 Filio
1865 3131 1948 3212 Dei,
1981 3134 2070 3199 dicta
2103 3152 2189 3218 quae
2221 3129 2407 3218 loquuntur
2439 3132 2486 3197 de

495 3219 632 3284 hristus.
677 3219 771 3285 llaec
794 3222 884 3285 dicta
905 3240 991 3306 quae
1019 3217 1186 3284 affirmant
1213 3230 1291 3283 anto
1317 3240 1446 3284 assum·
1495 3220 1684 3307 praesentia
1705 3219 1777 3284 eius
1798 3219 1832 3283 in
1850 3216 2006 3284 Ecclesia
2026 3230 2103 3284 ante
2125 3218 2329 3283 nativitatem
2350 3238 2395 3283 ex
2416 3219 2484 3285 vir·

463 3306 589 3370 tionem
611 3315 750 3370 naturae
775 3307 940 3371 hnmanae
961 3302 1111 3370 adfuisse
1133 3301 1307 3370 Ecclesiae
1328 3305 1445 3371 Filium
1496 3309 1586 3393 gine.
1612 3301 1736 3372 ‘Simul
1757 3315 1867 3369 autern
1890 3305 2055 3391 cogitetur
2078 3306 2119 3370 de
2143 3305 2395 3388 omnipotentia,
2416 3325 2485 3391 qua

463 3389 541 3471 Dei,
558 3393 700 3456 maxime
722 3393 902 3478 perspicue
924 3392 1105 3458 ostendunt
1133 3390 1221 3471 λόγον
1247 3390 1447 3476 ὑφιστάμενον
1498 3405 1530 3458 et
1552 3405 1631 3457 tnnc
1651 3389 1712 3456 fuit
1734 3390 1864 3472 efficax,
1898 3402 1931 3456 et
1953 3392 2072 3456 eodem
2094 3392 2194 3455 modo
2217 3386 2341 3456 efficax
2372 3404 2426 3456 est
2447 3392 2483 3456 in

462 3497 552 3549 esse,
575 3487 610 3541 et
632 3476 804 3542 declarant
820 3480 1012 3544 missionem
1028 3478 1071 3542 ad
1084 3473 1278 3552 Ecclesiam,
1302 3490 1335 3543 et
1356 3479 1447 3564 quod
1496 3477 1652 3544 Ecclesia
1668 3488 1746 3563 post
1763 3488 1946 3543 assumtam
1964 3476 2316 3542 humanamnaturam.
2349 3475 2437 3541 Nam
2450 3486 2485 3542 et

462 3582 597 3646 semper
617 3583 679 3646 per
700 3565 808 3648 ipsum
828 3565 1015 3628 immediate
1037 3559 1181 3627 collecta
1213 3564 1257 3627 sit
1289 3576 1323 3629 et
1354 3562 1447 3630 colli·
1496 3565 1583 3630 hacc
1594 3566 1682 3630 dicte
1699 3566 1742 3628 de
1753 3564 1989 3648 omnipotentia
2001 3574 2080 3627 sunt
2090 3564 2277 3628 testimonia
2290 3564 2484 3630 divinitatis.

463 3663 563 3738 gatar
585 3646 750 3728 Ecclesia,
775 3662 808 3713 et
836 3651 927 3735 quod
948 3650 1024 3713 ideo
1046 3648 1131 3713 hacc
1152 3668 1297 3733 persona
1318 3670 1447 3714 assum·
1496 3651 1694 3714 Nominatur
1715 3647 1870 3714 Christus
1894 3660 1992 3735 caput
2014 3645 2188 3714 Ecclesiae
2209 3647 2334 3733 Ephes.
2348 3650 2379 3715 l.
2413 3646 2483 3715 De-

462 3741 546 3804 serit
566 3746 717 3800 natnram
738 3734 934 3812 humanam,
966 3736 1043 3819 quia
1075 3733 1160 3799 haec
1193 3735 1267 3817 ip'sa
1299 3756 1445 3819 persona
1498 3737 1545 3800 dit
1574 3756 1648 3800 eam
1682 3748 1781 3818 capnt
1813 3755 1916 3818 snper
1949 3737 2059 3799 omnia
2080 3732 2272 3813 Ecclesiae,
2307 3755 2396 3821 quae
2430 3746 2484 3802 est

462 3822 507 3886 ad
536 3818 759 3907 colligendam
785 3819 972 3885 Ecclesiam
1000 3822 1106 3884 missa
1138 3830 1200 3884 est.
1251 3819 1374 3885 Notum
1402 3822 1446 3885 sit
1499 3842 1621 3907 corpus
1645 3822 1716 3887 eins
1739 3823 1916 3907 integrum,
1949 3820 2152 3906 perficientis
2174 3822 2296 3886 *omnia
2319 3824 2353 3886 in
2377 3824 2482 3887 omni·

462 3908 564 3994 igitur
586 3919 620 3971 ct
642 3904 869 3973 dulcissimum
893 3909 1015 3974 dictum
1029 3907 1157 3971 irenaei
1177 3903 1264 3971 libro
1276 3906 1307 3971 3.
1328 3929 1400 3991 cap.
1412 3908 1444 3972 2.
1497 3909 1571 3973 bus
1621 3907 1790 3992 Expresso
1821 3919 1932 3972 autem
1964 3904 2110 3972 fatentur
2141 3909 2325 3991 scriptores
2360 3905 2420 3971 lib.
2449 3907 2481 3974 3.

461 3995 519 4063 nbi
541 3990 687 4057 affirmat
715 3994 802 4075 λόγον
835 4013 914 4058 esse
945 3995 1126 4080 personam
1160 4004 1192 4057 ct
1224 4013 1357 4077 semper
1387 3995 1444 4057 ad·
1491 3997 1735 4059 'sententiarum
1768 3994 1979 4058 distinctione
2009 3993 2059 4059 13.
2109 3994 2239 4058 Nomen
2273 3994 2396 4079 capitis
2428 3990 2499 4059 tri·'

460 4078 570 4145 fuisse
592 4079 785 4158 Ecclesiae,
818 4082 918 4144 ctiam
950 4091 1125 4164 antequam
1151 4082 1310 4168 assumsit
1331 4078 1445 4145 huma·
1497 4081 1553 4144 bui
1587 4082 1647 4145 toti
1679 4100 1857 4164 personae,
1890 4091 1928 4158 et,
1956 4077 2041 4144 alias
2074 4080 2194 4144 additis
2222 4080 2482 4164 proprietatibus

460 4186 537 4230 nam
560 4177 724 4230 naturam.
769 4164 886 4230 Verba
907 4165 1035 4229 lrcnaei
1057 4163 1142 4229 haec
1164 4177 1263 4243 sunta¹
1298 4166 1445 4230 Ostensa
1500 4176 1689 4249 competere
1711 4167 1742 4231 ei
1764 4167 1949 4233 secundum
1976 4165 2155 4232 humanam
2188 4176 2361 4246 naturam,
2395 4164 2482 4233 alias

461 4249 655 4331 manifeste,
686 4252 777 4337 qood
795 4250 910 4330 hunc,
942 4253 999 4336 qui
1028 4272 1050 4315 a
1070 4251 1233 4334 principio
1266 4250 1354 4333 λόγος
1385 4248 1447 4316 fuit
1498 4252 1683 4317 secundum
1702 4253 1858 4346 divinans.

356 4379 362 4388 -
462 4338 551 4420 apud
572 4336 700 4418 Deum,
727 4359 790 4422 per
816 4357 914 4422 quem
943 4337 1056 4402 omnia
1084 4333 1175 4400 facta
1202 4348 1291 4414 sunt,
1325 4340 1380 4422 qui
1414 4346 1448 4401 et

463 4443 598 4507 semper
625 4425 742 4489 aderat
771 4422 917 4489 humano
940 4422 1066 4510 generi,
1099 4423 1289 4488 novissimis
1322 4436 1445 4508 tempo·
1583 4421 1646 4487 Est
1664 4434 1764 4508 caput
1785 4421 1948 4504 efficacia,
1969 4420 2187 4508 perfectione,
2217 4424 2336 4488 merito
2367 4436 2402 4489 et
2429 4444 2482 4488 or·

340 4557 347 4569 ,
461 4509 555 4573 ribus
578 4511 763 4576 secundum
781 4508 991 4594 praefinitum
1008 4520 1138 4592 tempus
1155 4508 1298 4589 aPatre,
1320 4512 1447 4575 unitum
1499 4508 1585 4573 dine.
1630 4508 1776 4576 Primum
1804 4509 1967 4588 efficacia,
2000 4510 2077 4594 quia
2109 4509 2195 4574 hacc
2226 4530 2376 4593 persona
2408 4530 2482 4594 pro·

461 4614 525 4660 suc
547 4591 711 4679 plasmati,
733 4595 926 4682 passibilem
947 4593 1121 4661 hominem·
1135 4591 1257 4659 factum
1279 4597 1375 4661 misit
1498 4597 1570 4680 prie
1603 4587 1722 4662 missa‘
1741 4608 1805 4675 est,
1837 4604 1874 4660 ut
1905 4595 2091 4660 immediate
2122 4618 2183 4680 per
2215 4617 2289 4661 eam
2324 4610 2482 4662 aeternus

511 4691 517 4699 “
1499 4683 1601 4747 Pater
1622 4680 1761 4769 colligat
1771 4679 1972 4747 Ecclesiam.
2007 4681 2099 4748 llaec
2121 4703 2268 4766 persona
2289 4683 2385 4747 initio
2407 4703 2482 4767 pro·

550 4766 626 4831 Sint
642 4768 745 4853 igitur
765 4770 799 4834 in
823 4780 1009 4852 conspectu
1031 4767 1229 4847 testimonia,
1252 4788 1337 4853 qnae
1358 4766 1450 4833 affir-
1500 4765 1565 4832 fert
1586 4766 1818 4855 Evangelium,
1840 4788 1900 4851 per
1922 4788 1994 4832 eam
2016 4768 2203 4834 immediate
2222 4770 2332 4836 Adam
2355 4780 2391 4833 et
2411 4770 2483 4834 Eva

347 4845 350 4854 ’
464 4864 566 4931 mant,
594 4874 728 4938 semper
750 4852 898 4919 adficisse
920 4851 1096 4919 Ecclesiae
1119 4852 1246 4918 filium.
1290 4854 1341 4918 Fit
1363 4858 1449 4920 enim
1499 4854 1724 4919 vivificantur:
1758 4855 1866 4919 Adest
1898 4850 2091 4939 Ecclesiae,
2123 4867 2157 4919 et
2189 4876 2261 4920 carn
2295 4856 2483 4920 immediata

464 4939 633 5004 invocatio
657 4941 839 5021 ardentior,
861 4963 937 5006 curu
958 4941 1025 5006 hoc
1048 4938 1194 5005 cilicium
1212 4941 1285 5005 lilii
1308 4952 1341 5005 et
1362 4940 1450 5006 hanc
1500 4941 1661 5019 vivificat,
1696 4952 1876 5019 sustentat,
1910 4951 1944 5004 et
1977 4953 2101 5006 servat.
2147 4940 2220 5006 Per
2234 4960 2307 5004 cam
2328 4940 2429 5006 Nohe
2450 4942 2482 5004 in

460 5022 714 5092 familiaritatem
736 5029 910 5093 nobiscum
933 5028 1132 5114 cogitamus,
1153 5028 1242 5112 quod
1256 5028 1300 5092 sit
1314 5029 1448 5108 missos,
1500 5047 1597 5104 arca,
1624 5031 1767 5112 populus
1790 5031 1821 5093 in
1843 5029 1927 5090 utari
1949 5030 2070 5105 rubro,
2095 5038 2163 5092 tres
2187 5029 2249 5093 viri
2270 5027 2303 5088 in
2326 5024 2482 5106 flammis,
2511 5059 2515 5072 ι

461 5125 498 5177 ut
527 5134 598 5177 sem
624 5131 662 5176 er
693 5110 832 5197 colligat
852 5112 1060 5192 Ecclesiam,
1093 5125 1205 5179 servet
1233 5115 1448 5180 ministerium
1501 5126 1534 5178 et
1555 5116 1588 5176 in
1612 5134 1741 5178 summa
1760 5115 1918 5179 universa
1930 5112 2086 5178 Ecclesia
2104 5113 2288 5177 immediate
2310 5133 2374 5195 per
2396 5115 2483 5177 hanc

461 5134 648 5285 Evangelii,
682 5201 726 5262 sit
761 5195 884 5263 efficax
907 5202 1109 5287 cogitatione
1141 5198 1328 5287 Evangelii,
1363 5204 1449 5266 sicut
1499 5220 1679 5348 personant
1700 5211 1867 5265 servatur:
1896 5199 1953 5264 Sic
1976 5202 2080 5285 inquit
2103 5197 2227 5265 Paulus
2257 5200 2290 5262 in
2313 5197 2482 5283 Ephesiis,

462 5288 607 5352 dicituro
639 5282 857 5370 Evangelium
885 5299 936 5350 est
957 5289 1105 5371 potentia
1135 5284 1198 5351 Dei
1232 5288 1274 5352 ad
1307 5285 1449 5353 salutem
1528 5284 1666 5349 erficere
1688 5307 1762 5351 eam
1785 5288 1895 5352 omnia
1915 5288 1949 5351 in
1972 5288 2141 5364 omnibuS,
2174 5301 2207 5350 et
2229 5306 2333 5367 supra
2357 5287 2482 5350 dictum

462 5373 552 5436 omni
582 5374 740 5437 credenti.
791 5371 871 5435 ltem
894 5370 1049 5436 Christus
1082 5384 1134 5436 est
1165 5374 1264 5440 nobis
1296 5372 1405 5442 factus
1425 5395 1447 5440 a
1499 5382 1566 5436 est:
1588 5369 1663 5458 Ego
1686 5375 1787 5439 vitam
1808 5386 1981 5439 aeternam
2003 5374 2047 5435 do
2070 5374 2131 5437 eis.
2176 5371 2275 5450 ltem,
2299 5371 2396 5444 Quos
2421 5374 2482 5437 Pa·

463 5455 539 5524 Deo
561 5460 736 5545 sapientia,
759 5459 893 5537 institia,
917 5457 1136 5523 sanctificatio
1158 5474 1193 5525 et
1212 5463 1385 5527 redemtio.
1499 5470 1548 5523 ter
1569 5458 1728 5539 vivificat,
1749 5459 1813 5525 hos
1837 5475 1869 5525 et
1890 5456 1993 5525 Filius
2015 5457 2173 5524 vivificat
2208 5458 2302 5524 llaec
2325 5455 2483 5525 eflicacia

1408 5622 1414 5633 ,
1497 5559 1548 5610 est
1571 5548 1688 5631 capitis
1709 5549 1896 5632 praesentis
1918 5548 1952 5609 in
1974 5542 2147 5625 Ecclesia,
2180 5545 2366 5613 secundnm
2398 5545 2482 5613 divi·

547 5627 786 5699 SAPlEN'ElA
813 5643 884 5713 est,
916 5631 994 5718 quia
1013 5627 1142 5718 profert
1161 5630 1381 5719 Evangeliunr
1402 5653 1445 5699 ex
1494 5653 1573 5699 nam
1593 5644 1756 5700 naturam.
