5892 6709
1054 641 1191 764 'rum
1214 662 1321 730 nae.
1344 664 1534 732 semera
1554 664 1835 734 nonnanes
2400 667 2470 735 esu
2531 668 2535 676 ·

451 861 514 924 s'eu
536 877 658 943 magna
680 877 743 922 seu
763 878 880 941 parva,
913 867 1021 922 tamen
1045 855 1196 920 remissio
1224 876 1290 919 non
1309 856 1432 940 pendet

451 961 493 1009 es
529 945 689 1030 dignitate
723 956 859 1008 nostrae
892 943 1097 1007 contritionis
1125 940 1181 1007 vel
1206 942 1430 1006 obedientiae:

451 1030 521 1096 Sed
546 1043 685 1114 propter
706 1029 936 1105 ltlediatorem,
971 1041 1004 1094 et
1025 1031 1169 1115 gratuita
1196 1038 1236 1092 *et
1253 1039 1345 1093 certa
1367 1039 1431 1108 est,

451 1117 542 1182 iuxta
566 1117 709 1181 dictum:
730 1118 807 1181 ldeo
830 1137 871 1180 ex
894 1114 959 1180 fide
980 1116 1096 1201 gratis,
1117 1126 1154 1178 ut
1175 1114 1220 1178 sit
1241 1112 1334 1179 tirma
1355 1136 1432 1199 pro·

450 1202 580 1282 missio,
603 1202 698 1267 Rom.
719 1203 752 1266 4.
958 1199 963 1210 “

1485 856 1592 921 dieta:
1637 855 1724 922 Vivo
1759 876 1843 941 ego,
1878 857 1958 920 dicit
1988 855 2171 932 Dominus,
2202 852 2292 922 Nolo
2324 868 2471 922 mortem

1505 937 1684 1021 eceatoris,
1705 943 1767 1006 sed
1790 953 1826 1005 ut
1847 955 2061 1007 convertatur
2083 955 2116 1007 et
2138 944 2256 1021 vivat„
2282 941 2374 1020 ltem,
2408 941 2471 1008 Sic

1518 1049 1578 1093 eus
1601 1026 1715 1094 dilexit
1732 1029 1901 1107 mundum,
1934 1042 1971 1093 ut
2003 1026 2120 1093 Filium
2144 1048 2240 1093 suum
2262 1029 2472 1112 unigenitum

1485 1115 1590 1193 claret,
1613 1127 1657 1183 nt
1672 1115 1791 1191 omnis,
1815 1116 1871 1199 qni
1893 1116 1997 1179 credit
2015 1115 2047 1179 in
2071 1136 2157 1191 eum,
2180 1135 2246 1178 non
2258 1126 2384 1199 pereat,
2406 1114 2473 1179 sed

1484 1199 1609 1264 babeat
1631 1201 1729 1265 vitam
1751 1213 1932 1266 aeternam.
1961 1200 2033 1264 Hae
2053 1220 2203 1288 suunnae
2225 1197 2359 1285 regulae
2382 1221 2473 1265 sem·

1505 1306 1544 1350 er
1564 1286 1598 1351 in
1621 1300 1807 1370 conspeetu
1826 1286 1913 1366 sint,
1945 1307 2033 1372 quae
2053 1284 2166 1352 multis
2188 1285 2265 1351 aliis
2291 1288 2474 1353 sententiis

539 1371 712 1438 (aeterum
736 1374 778 1437 de
800 1393 866 1437 non
889 1369 1046 1437 revelatis
1069 1370 1236 1451 consiliis,
1270 1382 1307 1435 ut
1328 1392 1432 1457 quare
1483 1308 1590 1437 iucem
1612 1372 1763 1437 afferunt.

449 1455 644 1524 Alexandro
667 1458 761 1525 Deus
783 1460 906 1524 tribuat
932 1460 1115 1544 imperium,
1150 1478 1217 1522 oon
1240 1458 1310 1538 tibi,
1342 1469 1432 1521 reete

450 1546 582 1623 dieitur,
606 1544 693 1609 bane
715 1543 921 1611 voluntatem
938 1566 1046 1631 neque
1068 1545 1147 1610 seiri
1169 1563 1291 1628 posse,
1322 1563 1432 1629 neque

450 1633 671 1717 quaerendam
695 1652 785 1697 esse.
829 1632 909 1697 ldeo
932 1633 1039 1718 capite
1062 1632 1160 1696 tertio
1183 1631 1362 1781 Spracidae
1384 1630 1430 1692 di·

449 1735 537 1782 ctum
572 1730 639 1781 est:
673 1716 767 1791 Quae
800 1719 956 1783 mandata
988 1729 1067 1783 sunt
1099 1719 1169 1796 tibi,
1225 1728 1286 1782 aec
1321 1717 1432 1800 cogita

449 1815 579 1882 sancte,
600 1824 669 1868 noa
691 1807 777 1870 enim
799 1812 853 1869 est
875 1823 960 1889 opus
982 1816 1016 1869 te
1036 1824 1162 1869 arcana
1179 1804 1295 1869 videre
1315 1802 1433 1882 oculis,

873 2207 875 2212 ,
894 2126 986 2193 xvr.

537 2314 684 2382 Prorsus
707 2313 815 2381 simile
836 2327 1065 2401 argumentum
1087 2326 1155 2395 est,
1177 2316 1268 2401 quod
1288 2315 1354 2382 buc
1376 2317 1433 2381 de·

449 2414 624 2489 torquetur
658 2424 699 2468 ex
734 2404 843 2486 capite
875 2402 907 2467 9.
971 2399 1204 2468 Ecclesiastiei
1238 2423 1308 2469 aon
1339 2417 1433 2468 reete

448 2502 615 2556 enarrato.

508 2785 652 2869 Nescit
694 2786 838 2890 homa,
885 2815 938 2868 an
982 2812 1120 2908 eruore
1164 2784 1232 2867 vel
1275 2767 1377 2867 odio

767 2907 914 3016 dignus
944 2905 1007 3010 sit,
1038 2918 1113 2988 etc.

535 3103 745 3191 Respondeo
769 3106 976 3171 brevissime.
1008 3104 1205 3174 Totaseries
1228 3106 1260 3169 in
1284 3116 1432 3171 eotextu

448 3194 597 3257 ostendit
633 3191 847 3257 Salomonem
881 3190 948 3255 lroc
976 3188 1087 3271 velle,
1126 3211 1192 3256 non
1221 3191 1431 3256 iudicandum

436 3297 526 3363 'esse
563 3300 605 3342 ex
639 3277 842 3363 spectaculis
872 3275 1089 3343 humanorum
1112 3291 1286 3342 eventuum
1309 3278 1343 3342 in
1366 3278 1431 3342 hae

446 3366 527 3441 vita,
561 3362 718 3430 videlieet
746 3386 790 3430 ex
824 3364 980 3430 secundis
1009 3362 1066 3428 vel
1087 3365 1242 3429 adversis
1264 3364 1366 3428 rebus
1389 3363 1431 3427 de

446 3447 565 3515 favore
587 3463 620 3514 et
643 3453 720 3515 odio
742 3450 818 3530 Dei,
840 3463 876 3515 ut
898 3448 1009 3515 David
1030 3470 1097 3515 non
1119 3452 1242 3515 iudicet
1262 3470 1301 3514 se
1322 3448 1429 3514 aDeo

447 3536 615 3601 abiectum
638 3557 727 3612 esse,
749 3537 827 3685 quia
850 3557 891 3601 ex
914 3557 1018 3622 regno
1042 3535 1202 3621 expulsus
1224 3547 1287 3602 est.
1309 3534 1429 3601 Achab

447 3642 514 3688 non
540 3622 660 3686 iudicet
682 3642 720 3686 se
743 3643 876 3706 pacere
898 3620 985 3698 Deo,
1007 3624 1134 3686 etiarnsi
1157 3635 1209 3687 est
1230 3643 1289 3686 rex
1308 3634 1429 3707 potens

323 3703 329 3716 '
447 3719 483 3771 et
503 3709 620 3773 victor.
667 3708 734 3772 Sed
756 3707 868 3772 David
890 3708 1014 3772 iudicet
1037 3727 1078 3771 ex
1100 3710 1206 3772 verbo
1217 3707 1281 3771 Dei
1301 3727 1340 3770 se
1383 3704 1431 3770 la-

349 3834 358 3854 ,
448 3813 527 3858 ecre
548 3792 637 3871 Deo,
659 3814 847 3879 quanquam
870 3791 1018 3858 exulem:
1041 3794 1116 3878 quia
1133 3794 1338 3859 dictumest:
1395 3814 1431 3856 o·

447 3879 558 3944 uulnus
581 3881 720 3945 abstulit
740 3891 913 3965 peccatum
937 3891 1039 3945 tuum.
1104 3879 1224 3944 Acbab
1246 3880 1370 3944 iudicet
1392 3898 1431 3941 se

447 3965 629 4050 displicere
662 3965 749 4045 neo,
783 3987 971 4051 quanquam
1004 3976 1057 4030 est
1078 3984 1135 4030 rex
1160 3979 1280 4051 potens
1303 3975 1337 4028 et
1357 3967 1430 4051 glo·

445 4052 570 4131 riosus,
594 4054 671 4138 qula
693 4054 853 4137 seriptum
876 4066 928 4117 est
950 4052 1086 4118 Denter.
1108 4053 1163 4115 27.
1228 4050 1430 4117 Maledictus

446 4141 552 4204 curnis
572 4140 627 4223 qui
651 4137 728 4203 facit
753 4136 878 4204 ldolurn
900 4140 1178 4204 abominationem
1200 4137 1274 4203 Dei.
1341 4136 1430 4203 Con·

445 4226 534 4310 grnlt
567 4226 666 4310 igitur
694 4227 816 4290 dictum
846 4222 1036 4289 Salomonis
1060 4247 1136 4290 cum
1158 4237 1276 4289 nostra
1297 4236 1430 4289 senten·

446 4312 502 4386 tia,
525 4331 611 4395 quae
634 4312 722 4375 iubet
746 4313 789 4374 de
811 4308 980 4375 voluntate
1003 4309 1065 4374 Dei
1089 4331 1130 4374 ex
1152 4312 1429 4388 verboiudieare,

447 4417 512 4461 non
538 4418 578 4460 ex
602 4396 806 4482 spectaculis
828 4398 986 4460 externis.
1048 4397 1121 4460 Nec
1143 4394 1277 4462 dillieile
1299 4408 1350 4461 est
1373 4417 1429 4461 eo·

435 4484 540 4582 piose
564 4483 711 4549 refutare
734 4485 962 4550 enarrationes
989 4481 1212 4567 Papistarum.
1255 4482 1429 4549 lusaniunt

445 4589 546 4646 ennn,
570 4571 598 4632 si
623 4568 688 4635 boe
711 4572 837 4649 dieunt,
870 4569 945 4634 Non
964 4570 1053 4633 scire
1074 4566 1257 4633 homicidas
1280 4582 1313 4633 ct
1335 4568 1427 4634 adul·

446 4666 550 4732 teras,
574 4676 615 4719 an
635 4658 702 4721 sint
726 4658 814 4743 digni
838 4658 915 4721 odio
938 4655 1013 4720 Dei.
1069 4655 1155 4720 Hinc
1177 4653 1352 4721 manifeste
1370 4677 1427 4741 ap·

444 4753 539 4826 paret
564 4743 713 4826 ipsorum
736 4744 821 4807 inter
846 4742 1041 4807 retationem
1065 4762 1142 4807 esse
1165 4755 1282 4807 tetram
1314 4763 1427 4807 corru-

468 4797 578 4891 telum.
622 4827 714 4892 -Sed
739 4765 854 4914 reguia
879 4826 1076 4894 universalis
1096 4841 1262 4906 teneatur,
1292 4825 1346 4892 De
1370 4847 1427 4893 vo·

444 4850 573 4979 iuntate
596 4911 659 4977 Dei
683 4935 724 4977 ex
748 4919 853 4994 verbo
876 4917 980 5000 ipsius
1003 4916 1213 4980 iudicandum
1227 4934 1316 4994 esse,
1337 4914 1428 4979 iuxta

445 5002 585 5066 dietum:
611 4999 765 5064 Lucerna
788 5004 930 5086 pedibus
952 5003 1034 5067 meis
1058 5005 1194 5068 verbum
1217 5015 1320 5066 tuum.
1385 4999 1429 5065 Et

443 5086 593 5152 Verbum
618 5083 681 5150 Dei
707 5085 938 5153 universaliter
960 5090 1094 5153 damnat
1116 5108 1249 5165 omnes,
1281 5089 1427 5195 quinon

444 5186 521 5238 sunt
545 5173 702 5239 conversi
726 5174 768 5237 ad
791 5172 912 5251 Deum,
933 5176 1024 5239 iuxta
1047 5176 1185 5240 dictum:
1224 5174 1252 5237 l.
1276 5172 1426 5239 borintlr.

443 5259 476 5325 o.
520 5256 633 5325 Nolite
656 5280 782 5340 errare,
806 5256 1019 5337 ldololatrac,
1053 5258 1252 5339 homicidae,
1285 5258 1427 5327 adulteri

443 5357 508 5411 ete.
532 5367 598 5411 nrm
622 5360 699 5413 sunt
723 5344 889 5412 haeredes
910 5348 999 5411 vitae
1019 5362 1187 5413 aeternae.
1232 5347 1331 5427 ltem,
1363 5344 1427 5419 Qut

443 5453 510 5496 non
542 5436 646 5497 credit
680 5435 711 5498 in
744 5433 868 5511 Filium,
901 5445 1011 5497 manet
1044 5433 1094 5496 ira
1128 5433 1190 5499 Dei
1219 5454 1321 5519 super
1342 5454 1427 5498 enm.

442 5516 576 5582 llursus
610 5519 844 5586 universaliter
875 5521 992 5605 recipit
1023 5516 1119 5584 Deus
1153 5539 1288 5598 omnes,
1317 5520 1427 5605 quiin

330 5667 341 5686 ,
442 5605 666 5671 conversione
688 5607 963 5693 seupoeuitentia
985 5606 1169 5672 creduntin
1187 5604 1316 5686 Filium,
1337 5607 1429 5671 iaxta

1570 1543 1779 1609 Detestanda
1812 1555 1862 1608 est
1894 1555 2003 1614 antem
2026 1542 2153 1631 Synodi
2176 1544 2388 1610 Tridentinae
2409 1547 2473 1610 im·

1505 1632 1659 1709 udentia,
1684 1632 1826 1715 quaein
1849 1632 1985 1696 decreto
2008 1631 2148 1695 detorsit
2170 1631 2237 1696 hoc
2258 1632 2380 1697 dietum
2405 1631 2473 1696 Sa-

1483 1652 1627 1781 iomonis
1645 1722 1688 1783 ad
1711 1716 1970 1782 confirmandam
1992 1712 2111 1781 falsam
2145 1718 2346 1793 doctrinam,
2380 1739 2474 1805 quae

1483 1804 1575 1867 iubet
1596 1823 1729 1887 semper
1749 1804 1911 1880 dubitare,
1928 1823 1972 1866 an
1995 1804 2099 1868 simus
2121 1804 2154 1867 in
2176 1806 2295 1888 gratia.
2340 1801 2475 1869 Contu

1483 1889 1573 1953 bunc
1606 1909 1753 1956 errorem
1785 1891 1852 1953 sint
1883 1890 1917 1953 in
1946 1903 2129 2038 conspectu
2159 1888 2411 1956 consolationes
2435 1893 2473 1956 iu

1484 1971 1590 2039 Paulo
1624 1976 1774 2039 traditae.
1836 1975 1915 2040 ldeo
1949 1996 1990 2039 ex
2048 1976 2091 2038 de
2112 1976 2229 2061 gratis,
2248 1988 2284 2041 ut
2305 1978 2349 2040 sit
2371 1974 2474 2042 fimus

1483 2061 1672 2209 promissio.
1738 2060 1837 2139 ltem,
1866 2060 2036 2126 lustilicati
2066 2060 2132 2125 lide
2153 2082 2270 2147 pacem
2292 2061 2472 2127 babemus.

1514 2158 1526 2209 t
1547 2157 1661 2210 notum
1683 2146 1727 2210 sit
1752 2148 1925 2233 Augustini
1949 2148 2072 2212 dictum
2092 2148 2126 2212 in
2161 2148 2262 2211 Libro
2281 2145 2487 2214 bleditatio:

1484 2253 1579 2297 num:
1599 2231 1717 2297 Totins
1739 2231 1880 2298 fiduciae
1904 2234 2067 2298 certitudo
2089 2246 2140 2300 est
2164 2234 2195 2297 in
2218 2234 2368 2316 pretioso
2391 2255 2473 2300 san·

1485 2321 1584 2405 guina
1617 2316 1750 2382 Christi.
1817 2317 1890 2383 Etsi
1923 2332 2032 2384 autem
2061 2318 2223 2385 naturalis
2255 2318 2471 2386 imbecillitas

1484 2425 1618 2488 semper
1650 2406 1836 2471 concutitur
1858 2406 2072 2482 dubitatione,
2106 2417 2214 2471 tamen
2238 2405 2323 2470 fides
2344 2404 2472 2472 elucte-

1484 2501 1538 2554 tur
1571 2502 1605 2555 et
1637 2493 1749 2556 vincat
1782 2487 2016 2569 dubitationes,
2049 2504 2082 2555 et
2115 2493 2261 2576 quotidie
2282 2490 2470 2558 clamemus

1484 2577 1525 2648 ad
1549 2574 1743 2641 Dominum:
1766 2577 1877 2643 Credo
1898 2576 2055 2657 Domine,
2078 2581 2140 2642 sed
2162 2599 2260 2664 opem
2289 2575 2343 2643 fer
2363 2581 2470 2645 imbe-

1485 2660 1610 2727 cillitati
1631 2684 1736 2728 meae.

1922 2986 2028 3053 xvn.

1543 3127 1751 3213 Naturalia
1782 3142 1877 3213 suut
1905 3132 2183 3236 immutabilia,

1542 3251 1757 3335 Dubitatio
1795 3254 1848 3335 de
1885 3254 2207 3336 reconciliatione
2246 3265 2310 3335 est
2343 3264 2471 3337 natu·

1602 3372 1704 3477 rade,
1735 3385 1783 3455 ut
1811 3402 1920 3455 nunc
1950 3374 2118 3482 quidem
2148 3375 2360 3478 nascimur,

1542 3491 1651 3603 Ergo
1682 3506 1745 3575 est
1772 3494 2045 3578 immutabilis.

2270 3621 2305 3664 x.

1569 3690 1781 3791 Respondeo.
1808 3689 1967 3756 Concedo
1989 3713 2068 3757 esse
2089 3690 2325 3759 immutabilem
2343 3694 2377 3757 in
2398 3693 2468 3761 bac

1481 3779 1720 3862 depravatione
1742 3780 1815 3841 sine
1832 3798 1917 3843 voce
1937 3777 2110 3864 Evangelii
2134 3793 2166 3843 et
2178 3781 2249 3844 sine
2268 3780 2394 3846 auxilio
2419 3783 2468 3846 di·

1485 3867 1576 3941 vino,
1606 3865 1694 3927 sicut
1726 3864 1833 3929 Adam
1867 3885 1934 3928 non
1953 3862 2063 3929 solum
2086 3868 2118 3929 in
2149 3867 2353 3931 dubitatione
2375 3889 2469 3931 man·

1482 3951 1595 4029 sisset,
1613 3950 1677 4014 sed
1696 3951 1792 4014 etiam
1816 3967 1999 4036 oppressus
2011 3963 2145 4016 aeterna
2158 3954 2361 4017 dubitatione
2383 3949 2466 4017 luis·

1482 4048 1545 4116 set,
1568 4039 1597 4101 si
1619 4037 1796 4122 promissio
1819 4039 1947 4123 gratiae
1968 4059 2034 4103 raon
2058 4035 2189 4121 prolata
2211 4053 2302 4104 osset
2323 4061 2363 4104 ex
2388 4041 2468 4105 sinu

1483 4124 1608 4187 aeterni
1636 4123 1757 4202 Patris,
1792 4135 1824 4188 et
1857 4144 1918 4207 per
1940 4126 2077 4188 verboru
2101 4123 2194 4190 Deus
2226 4125 2376 4189 flexisset
2405 4147 2468 4192 eor

1482 4209 1607 4294 Spiritu
1630 4223 1749 4272 sancto
1773 4210 1815 4273 ad
1838 4212 2088 4284 assensionem,
2122 4224 2153 4273 et
2176 4212 2225 4275 sie
2248 4212 2279 4275 in
2302 4209 2359 4275 illa
2385 4233 2467 4278 con·

1483 4291 1647 4359 solatione
1670 4292 1773 4360 Filius
1796 4317 1881 4361 voce
1903 4294 2076 4383 Evangelii
2094 4299 2219 4382 primos
2232 4311 2390 4381 parentes
2412 4320 2467 4364 re·

1482 4385 1639 4446 traxisset
1661 4400 1703 4444 ex
1726 4394 1839 4446 morte.
1864 4381 2132 4468 lloeesemplum
2155 4385 2360 4463 intueamur,
2374 4388 2467 4470 quod

1481 4469 1637 4547 ostendit,
1671 4472 1838 4555 quomodo
1860 4467 1917 4533 fiat
1939 4467 2023 4533 baec
2047 4467 2235 4534 consolatio
2254 4483 2288 4534 et
2310 4469 2465 4536 liberatio

1481 4576 1502 4618 a
1534 4554 1750 4635 dubitatione,
1784 4567 1817 4620 et
1850 4555 1951 4619 docet
1985 4557 2237 4639 promissionem
2272 4555 2465 4642 Evangelii,

1481 4661 1547 4705 non
1581 4661 1659 4706 esse
1694 4653 1813 4706 natura
1846 4654 1970 4719 notam,
2001 4655 2034 4706 et
2067 4644 2321 4708 discernendam
2344 4664 2421 4709 esse
2445 4667 2467 4711 a

1480 4727 1582 4814 Lege,
1605 4739 1637 4794 et
1659 4729 1702 4793 ab
1725 4726 1799 4792 allis
1821 4724 2028 4792 naturalibus
2049 4729 2186 4795 notitiis.

1908 5018 2030 5085 XVlll.

1531 5215 1716 5300 Virtutes
1746 5243 1828 5297 non
1858 5228 1954 5298 sunt
1989 5216 2319 5323 confundendae,
2366 5250 2464 5303 enm

1600 5336 1750 5421 Paulus
1782 5335 2000 5419 discemet:
2037 5337 2169 5441 Fides,
2202 5336 2314 5449 Spes,
2346 5340 2463 5423 Dile-

1602 5458 1693 5562 ctio‚
1737 5459 1840 5541 haec
1884 5458 1981 5562 tria,‘
2015 5458 2144 5540 maior
2179 5460 2326 5543 horum
2358 5463 2464 5544 dile·

1602 5577 1693 5662 ctio.
2417 5581 2424 5592 '
