5892 6709
901 881 1169 948 inanem
1232 882 1542 947 sonitum.

901 965 1222 1053 Spiritum
1267 979 1574 1032 sanctum
1630 968 1696 1032 in
1741 968 1984 1045 corda,
2041 968 2153 1052 qui
2195 978 2418 1031 movet
2475 986 2554 1031 ea
2599 968 2692 1031 ad
2730 986 2872 1031 cre·

904 1053 1232 1132 (lendum,
1276 1064 1342 1119 et
1385 1054 1848 1118 assensionem
1894 1052 2260 1131 confirmat,
2303 1053 2606 1117 accendit
2649 1054 2870 1130 vitam,

879 1139 1419 1216 invocationem,
1465 1138 1816 1217 laetitiam,
1885 1138 2300 1204 dilectionem
2345 1137 2508 1218 Dei,
2577 1149 2646 1202 et
2698 1134 2868 1203 alios

899 1236 1126 1294 motus
1184 1223 1390 1303 tales,
1459 1223 1674 1312 qualis
1728 1226 1875 1310 ipse
1932 1236 2067 1304 est,
2133 1238 2203 1291 ut
2245 1225 2439 1290 Rom.
2489 1224 2550 1310 l.
2595 1225 2869 1289 dicitur:

881 1307 1336 1398 'Evangelium
1372 1322 1477 1375 est
1522 1313 1817 1396 potentia
1862 1310 1991 1377 Dei
2036 1310 2125 1375 ad
2172 1310 2458 1379 salutem
2504 1312 2680 1374 omni
2727 1330 2870 1376 cre·

899 1395 1101 1462 denti.
1189 1397 1277 1462 Et
1329 1397 1396 1460 2.
1443 1395 1601 1463 Cor.
1645 1396 1709 1463 3.
1770 1409 2049 1470 vocatur
2091 1396 2526 1485 Evangeltum
2581 1397 2870 1462 ministe-

896 1481 1067 1549 rium
1110 1483 1418 1568 Spiritus.
1773 1525 1778 1530 -

1031 1699 1036 1704 Ι
1071 1618 1359 1686 Constat
1427 1615 1633 1706 igitur
1698 1639 1782 1686 ex
1825 1617 2067 1685 Esaiae
2111 1630 2175 1684 et
2219 1615 2585 1684 Zachariae
2643 1618 2864 1697 dictis,

899 1725 1072 1794 quae
1119 1708 1461 1785 recensui,
1507 1708 1877 1772 doctrinam
1924 1707 2009 1772 de
2052 1705 2301 1791 Spiritu
2346 1715 2582 1770 sancto
2638 1706 2706 1769 in
2753 1726 2867 1770 ve-

895 1794 1024 1858 teri
1067 1791 1379 1858 Ecclesia
1412 1804 1682 1878 patrum
1712 1806 1778 1858 et
1825 1790 2310 1876 Prophetarum
2354 1805 2580 1856 notam
2631 1788 2865 1856 fuisse.

895 1879 1054 1945 Ideo
1101 1881 1298 1944 etiam
1341 1892 1608 1944 veteres
1645 1880 1779 1945 hoc
1833 1879 2079 1943 dictum
2131 1878 2197 1942 in
2246 1875 2494 1942 Genesi
2545 1877 2602 1940 l.
2649 1877 2868 1961 capite

895 1961 1367 2029 intellexerunt
1411 1965 1496 2028 de
1541 1963 1791 2050 Spiritu
1828 1977 2090 2041 sancto,
2137 1965 2247 2049 qui
2292 1975 2401 2028 est
2441 1982 2736 2047 persona
2770 1963 2865 2027 di-

895 2047 1226 2116 vinitatise
1271 2050 1356 2114 Et
1379 2051 1663 2135 Spiritus
1686 2050 1956 2123 Domini
2000 2048 2340 2115 serebatur
2382 2068 2587 2134 super
2629 2068 2864 2135 aquas.

895 2134 1016 2200 Sic
1060 2138 1235 2201 enim
1277 2138 1496 2223 inquit
1533 2135 1858 2201 Basilius=
1918 2137 2074 2201 Sive
2119 2136 2296 2222 quod
2334 2136 2557 2200 verius
2603 2148 2738 2212 est,
2797 2147 2865 2199 et

894 2234 1274 2288 enarratum
1317 2235 1422 2289 est
1463 2224 1552 2287 ab
1596 2225 1674 2286 iis
1719 2223 1833 2311 qui
1867 2233 2023 2287 ante
2064 2242 2191 2286 nos
2236 2218 2526 2300 suerunt,
2571 2217 2865 2308 loquitur

889 2308 980 2398 de
1014 2308 1266 2393 Spiritu
1308 2322 1547 2375 sancto
1590 2308 1743 2374 Dei.

1066 2439 1237 2511 Cum
1302 2458 1526 2512 autem
1583 2447 1766 2510 dicta
1825 2446 1893 2510 in
1935 2462 2118 2509 novo
2172 2439 2601 2508 Testamento
2644 2444 2863 2529 magis

793 2539 806 2606 ζ
853 2611 858 2616 ¹
891 2532 1254 2620 perspicua
1296 2532 1453 2610 sint,
1501 2532 1948 2617 adiungantur
1991 2532 2078 2595 ad
2121 2530 2298 2595 dicta
2341 2526 2645 2614 exempla
2682 2545 2863 2595 vete-

891 2617 990 2684 ris
1040 2617 1480 2699 Testamenti,
1544 2618 1724 2702 quod
1783 2636 1934 2681 cum
1997 2616 2114 2680 fiet
2179 2613 2449 2681 collatio
2514 2618 2863 2701 utriusque

891 2697 1114 2770 lucem
1160 2701 1438 2782 adferet,
1480 2723 1611 2767 neo
1653 2714 1909 2767 tantum
1953 2698 2429 2786 speculationis
2453 2721 2661 2767 causa
2695 2701 2863 2766 haec

895 2790 1421 2869 consideremus,
1466 2789 1589 2853 sed
1632 2799 1706 2855 ut
1746 2808 1874 2854 nos
1917 2785 2006 2853 ‘ad
2046 2789 2337 2873 petenda
2373 2786 2701 2853 beneficia
2732 2785 2863 2853 Dei

895 2876 1376 2944 exuscitemus.

839 3091 864 3108 ,,
1063 3028 1541 3117 Agnoscamus
1590 3030 1976 3093 immensam
2031 3029 2392 3094 bonitatem
2446 3026 2613 3108 Dei,
2681 3030 2861 3116 quod

940 3117 1174 3181 timum
1221 3118 1520 3183 condidit
1561 3134 1713 3193 nos,
1759 3114 1854 3179 ita
1895 3125 1973 3180 ut
2018 3116 2518 3181 communicarit
2551 3134 2709 3181 sese
2743 3136 2862 3181 no-

941 3203 1039 3281 is,
1107 3212 1173 3267 et
1236 3200 1524 3268 voluerit
1589 3220 1717 3265 nos
1782 3201 1851 3266 in
1907 3202 2083 3265 omni
2129 3202 2521 3265 aeternitate
2564 3198 2693 3268 frui
2738 3201 2864 3268 sua

890 3285 1081 3369 lnce,
1145 3291 1501 3372 sapientia,
1558 3287 1807 3352 iustitia
1871 3295 1940 3352 et
2004 3284 2274 3352 laetitia.
2361 3285 2625 3351 Deinde
2682 3289 2863 3372 quod

889 3371 1130 3440 Filium
1165 3376 1364 3454 misit,
1406 3384 1481 3439 ut
1522 3370 1854 3460 proferret
1895 3371 2362 3460 Evangelium,
2405 3381 2474 3438 et
2515 3384 2699 3438 esset
2737 3372 2864 3438 Re-

889 3459 1155 3526 demtor
1223 3473 1289 3525 et
1334 3463 1679 3525 restitutor
1723 3460 1992 3545 generis
2046 3460 2349 3538 humani,
2406 3470 2475 3524 et
2538 3460 2735 3524 mittit
2796 3461 2865 3523 in

683 3561 688 3568 '
751 3533 756 3538 ¹
813 3571 818 3576 ·
889 3547 1108 3612 eorda
1153 3547 1561 3611 credentium
1628 3544 1944 3630 Spiritum
2003 3558 2329 3611 sanctum.
2417 3544 2606 3611 Haec
2661 3546 2864 3610 bene-

893 3630 1051 3698 ficia
1093 3641 1435 3716 petamus,
1484 3641 1552 3695 et
1593 3631 1766 3716 grati
1812 3627 2263 3709 celebremus,
2306 3650 2441 3696 non
2486 3633 2696 3697 simus
2740 3630 2865 3695 Pe·

791 3717 798 3724 “
891 3713 1181 3804 lagiani,
1237 3738 1376 3783 non
1429 3719 1802 3803 cogitemus
1857 3714 2189 3781 hominem
2245 3728 2497 3782 tantum
2557 3717 2863 3782 humanis

891 3805 1148 3870 viribus
1193 3805 1336 3891 regi
1379 3823 1611 3888 posse,
1654 3803 1945 3867 sciamus
1982 3822 2117 3867 non
2160 3804 2308 3868 sine
2352 3804 2633 3869 maxima
2658 3823 2866 3869 causa

888 3901 1168 3957 nostrae
1249 3888 1683 3955 imbecillitati
1769 3890 2054 3973 promitti
2142 3888 2457 3974 Spiritum
2535 3900 2862 3956 sanctum.

763 3955 788 4020 -“
889 3975 1082 4129 8ιοῖ
1105 3974 1360 4043 Paulus
1401 3977 1642 4062 inquit:
1687 3974 1975 4062 Spiritus
2019 3995 2216 4061 opem
2256 3972 2388 4042 tert
2427 3973 2865 4045 nnbectnttati

885 4081 1017 4130 nos
1083 4084 1185 4129 ae·

1061 4197 1459 4284 Quanquam
1516 4208 1733 4263 autem
1793 4198 1878 4263 de
1934 4199 2230 4264 essentia
2272 4196 2404 4263 Dei
2455 4197 2604 4263 sine
2657 4199 2862 4264 certis

845 4287 1287 4374 ..fibtestimoniis
1330 4306 1459 4350 nec
1482 4282 1756 4371 Angeli,
1803 4305 1933 4351 nec
1974 4282 2094 4349 ulli
2116 4282 2458 4350 Doctores
2504 4297 2691 4350 certo
2734 4304 2861 4349 nos

889 4373 1156 4458 possint
1201 4372 1472 4453 docere,
1516 4383 1736 4435 tamen
1781 4382 2136 4456 postquam
2166 4368 2357 4435 Deus
2402 4390 2481 4434 se
2524 4367 2861 4456 patefecit,

891 4468 964 4525 et
1004 4460 1281 4523 verbum
1325 4459 1518 4523 suum
1541 4455 1894 4523 Ecclesiae
1939 4456 2232 4535 tradidit,
2278 4454 2440 4522 utile
2484 4471 2592 4522 est
2631 4477 2863 4536 nosse,

894 4544 1050 4631 quid
1099 4546 1358 4628 probati
1402 4543 1706 4609 homines
1762 4546 1826 4609 in
1874 4544 2086 4628 prima
2131 4553 2198 4608 et
2242 4544 2511 4627 puriore
2550 4541 2860 4624 Faeclesia

891 4633 1266 4709 senserint,
1323 4633 1431 4715 qui
1478 4630 1852 4697 doctrinam
1908 4631 1993 4695 ab
2038 4625 2387 4715 Apostolis
2431 4642 2860 4715 acceperunt,

889 4714 1101 4783 voluit
1158 4717 1327 4781 enim
1378 4716 1566 4782 Deus
1622 4716 1886 4802 aliquos
1931 4735 2088 4781 esse
2133 4726 2341 4781 testes
2396 4718 2481 4781 de
2525 4736 2650 4781 sua
2695 4717 2862 4783 veri-

891 4813 1052 4883 tate,
1086 4814 1160 4868 ut
1201 4805 1565 4887 posteritas
1613 4802 2143 4894 confirmaretur,
2190 4804 2377 4869 iuxta
2429 4803 2713 4870 dictum=
2776 4802 2864 4869 Et

895 4899 970 4957 tu
1013 4909 1388 4956 conversus
1431 4889 1756 4958 confirma
1796 4888 2043 4959 fratres
2086 4901 2263 4957 tuos.

1103 5211 1651 5285 TESTIMONIA
1691 5212 2192 5284 ECCLESIAE
2234 5214 2639 5285 VETERIS.

2169 689 2398 758 PHIL.
2443 687 2653 757 MEL.
2700 687 3078 757 SCRIPTA
3117 687 3682 773 DOGMATmA.

1652 880 1789 946 Sed
1869 879 2093 946 audito
2156 877 2563 966 Evangelio,
2629 879 2873 946 effundi
2931 889 2933 893 ’

4813 690 4949 760 380

2976 877 3386 957 vivificator,
3452 878 3874 964 perspicuum
3939 887 4047 943 est
4108 873 4388 966 intelligi
4452 896 4813 963 personam
4879 891 4951 949 et

2977 967 3242 1070 qpidem
3299 967 3848 1049 omnipotentem,
3914 962 4361 1030 vivificantem
4422 987 4574 1030 cum
4618 961 4819 1032 Patre
4878 978 4951 1034 et

2927 1059 2930 1067 ’
2974 1049 3181 1130 Pilio,
3242 1052 3353 1135 qui
3392 1062 3503 1132 est
3573 1070 3864 1134 persona
3906 1050 4280 1134 procedens
4330 1072 4371 1116 a
4415 1051 4615 1116 Patre
4662 1064 4728 1117 et
4775 1048 4947 1118 Filio

2920 2473 2921 2477 η
2968 2440 3267 2493 nostrum
3312 2425 3531 2492 lesum
3576 2424 3940 2505 Christum,
3988 2446 4135 2492 cnm
4173 2427 4425 2510 Spiritu
4470 2438 4708 2492 sancto
4752 2429 4944 2493 invo-

2974 1138 3379 1216 immediate,
3445 1138 3824 1202 accendens
3887 1149 4106 1201 motus
4152 1137 4217 1201 in
4265 1137 4469 1201 corde
4511 1135 4681 1202 tales
4726 1138 4946 1223 qualis

2977 1235 3083 1289 est
3136 1225 3314 1308 ipse,
3378 1222 3673 1290 Recitavi
3719 1233 3787 1287 et
3828 1244 3909 1288 su
3962 1244 4035 1287 ra
4079 1220 4574 1287 confessionem
4630 1222 4948 1313 Gregorii

2972 1309 3608 1389 Neocaesariensis,
3673 1329 3846 1395 quae
3950 1308 4014 1373 ic
4070 1328 4337 1396 quoque
4379 1310 4739 1394 repetenda
4806 1324 4949 1379 este

2973 1415 3148 1462 unus
3213 1394 3402 1461 Deus
3471 1410 3661 1480 pater
3719 1396 3909 1460 verbi
3974 1396 4286 1475 viventis,
4354 1397 4721 1479 sapientiae
4789 1400 4948 1464 sub·

2973 1485 3294 1559 sistentis,
3338 1495 3406 1546 et
3448 1482 3755 1569 imaginis
3799 1501 3964 1546 suae
4007 1483 4266 1566 integer
4307 1483 4611 1569 integrae
4656 1485 4944 1569 genitor,

2971 1567 3174 1633 Pater
3220 1566 3366 1632 Filii
3411 1567 3520 1631 uni
3574 1569 3752 1644 eniti,
3796 1587 3967 1631 unus
4016 1565 4379 1647 DominuS,
4443 1587 4618 1634 unus
4664 1588 4747 1633 ex
4784 1589 4947 1649 uno,

2971 1654 3190 1739 imago
3237 1653 3490 1731 Patris,
3617 1656 3848 1718 erbum
3893 1650 4173 1733 efficax,
4240 1652 4448 1720 Filius
4492 1655 4946 1740 sempiternus

2971 1761 3057 1804 ex
3100 1741 3545 1824 sempiterno,
3591 1759 3765 1805 unus
3811 1739 4098 1823 Spiritus
4141 1752 4420 1805 sanctus
4464 1760 4548 1804 ex
4591 1741 4745 1807 Deo
4784 1743 4944 1806 sub·

2971 1827 3282 1891 stantiam
3327 1823 3622 1904 habens,
3714 1828 3777 1890 ui
3821 1846 3943 1911 per
3985 1823 4219 1890 Filium
4283 1827 4623 1913 apparuit,
4691 1828 4941 1893 sancti·

2971 1912 3205 1991 ficans,
3248 1922 3369 1997 per
3412 1934 3608 1998 quem
3718 1932 3841 1978 eus
3886 1932 4092 1997 super
4135 1913 4358 1979 omnia
4408 1925 4476 1978 et
4519 1914 4588 1979 in
4631 1915 4945 1981 omnibus

2969 2000 3426 2087 cognoscitur.

3141 2167 3502 2235 Multorum
3556 2165 3994 2233 vetustiorum
4037 2168 4421 2234 testimonia
4485 2165 4756 2255 collegit
4807 2169 4952 2236 Ba-

2968 2254 3194 2335 silius,
3262 2257 3328 2319 in
3396 2255 3502 2320 his
3562 2266 3630 2320 et
3687 2252 4043 2319 Palaestini
4089 2253 4358 2319 Eusebii
4418 2258 4627 2321 verba
4674 2256 4945 2322 recitata

2969 2342 3288 2408 Sanctum
3344 2340 3560 2405 Deum
3613 2337 3788 2406 lucis
3844 2342 4289 2419 conditorem,
4354 2361 4476 2425 per
4530 2338 4944 2410 salvatorem

2971 2515 3279 2580 candum.
3367 2512 3555 2577 Haec
3618 2513 3830 2578 verba
3898 2512 4287 2593 ostendunt,
4356 2524 4619 2579 veteres
4686 2514 4944 2580 diserte

2969 2610 3106 2665 tres
3152 2618 3484 2684 personas
3525 2599 3590 2661 in
3624 2597 4053 2664 invocatione
4097 2596 4488 2683 complexos
4535 2619 4713 2678 esse,
4759 2610 4827 2664 et
4857 2618 4946 2665 ea

2968 2682 3185 2751 forma
3228 2683 3544 2771 loquendi
3590 2686 3673 2749 de
3717 2683 3885 2748 Filio
3930 2704 4099 2750 usos
4143 2705 4332 2764 esse,
4387 2694 4462 2750 ut
4505 2686 4702 2750 animi
4743 2682 4946 2751 simul

2970 2774 3055 2836 de
3097 2769 3488 2836 Mediatoris
3526 2770 4071 2850 intercessione,
4129 2783 4197 2836 et
4257 2772 4341 2836 de
4384 2772 4946 2854 promissionibus

2971 2855 3578 2924 commonefierent.
3666 2854 3961 2921 Basilius
4004 2857 4068 2921 in
4120 2858 4248 2922 uite
4309 2854 4593 2940 Oportet
4648 2877 4778 2921 nos
4824 2859 4943 2924 ba·

2967 2945 3217 3028 ptizare
3253 2945 3428 3009 sicut
3471 2944 3888 3027 accepimus:
3935 2939 4089 3007 Cret
4115 2963 4227 3008 ere
4264 2955 4487 3009 autem
4520 2944 4693 3008 sicut
4727 2944 4945 3027 bapti·

2969 3050 3231 3109 zamur,
3299 3026 3683 3115 glorificare
3739 3040 3961 3092 autem
4020 3030 4195 3093 sicut
4261 3029 4594 3094 credimus
4622 3027 4946 3109 ·Patrem,

2966 3113 3206 3179 Filium
3250 3127 3314 3180 et
3359 3115 3679 3200 Spiritum
3723 3125 4052 3180 sanctum.
4142 3115 4423 3201 Fugere,
4459 3125 4679 3179 autem
4717 3112 4947 3200 palam

2966 3198 3399 3286 blasphemos
3466 3221 3588 3266 eos
3606 3246 3627 3280 ,
3744 3201 3808 3266 ui
3866 3203 4172 3283 Spiritum
4215 3211 4521 3266 sanctum
4565 3215 4946 3268 creaturam

2968 3305 3126 3351 esse
3191 3288 3439 3352 dicunt.
3548 3288 3702 3371 Apu
3812 3285 4251 3371 Epiphaniam
4331 3306 4537 3373 saepe
4615 3288 4946 3371 repetitae

2970 3384 3126 3437 sunt
3166 3373 3333 3437 satis
3377 3374 3780 3458 perspicuae
3813 3374 4379 3453 asseverationes,
4427 3386 4665 3439 contra
4712 3371 4943 3441 Sabel-

2966 3456 3219 3538 lianoS,
3261 3457 3653 3524 ἐνυπόστατον
3702 3458 3740 3526 ὅ
3794 3457 4016 3544 umbe,
4060 3459 4455 3523 ἐννπόστατον
4506 3458 4543 3524 ὅ
4594 3457 4755 3541 υἱός,
4809 3465 4941 3524 ἐκ·

2968 3544 3263 3610 mio-tmen*
3316 3544 3386 3609 to*
3446 3540 3613 3628 ἅγιον
3669 3547 3926 3627 πνεῧμα.
4013 3545 4177 3611 Item
4236 3558 4474 3612 contra
4526 3546 4945 3627 πνευματομᾶ·

2967 3655 3145 3714 gaug,
3212 3632 3500 3716 Spiritus
3543 3651 3704 3698 vere
3747 3642 3854 3696 est
3896 3652 3981 3697 ex
4028 3630 4213 3711 Deo,
4268 3631 4357 3698 et¹
4389 3652 4524 3696 non
4582 3631 4846 3700 alienus
4886 3652 4938 3703 a

2969 3718 3173 3783 Patre
3213 3733 3281 3782 et
3323 3714 3517 3797 Filio,
3559 3718 3683 3783 sed
3726 3716 4045 3800 ὅμοοῦσιος
4088 3717 4270 3785 Patri
4310 3728 4384 3785 et
4421 3715 4615 3784 Filio.

3142 3885 3508 3974 Postquam
3550 3898 3772 3953 autem
3818 3890 4067 3954 dictum
4110 3901 4217 3955 est
4261 3899 4398 3955 tres
4424 3908 4581 3955 esse
4604 3907 4942 3975 personas

2971 3974 3354 4052 divinitatis,
3400 3975 3781 4040 discrimina
3825 3976 4079 4040 erudite
4119 3977 4646 4042 considerentur.
4735 3977 4944 4043 Pater

2971 4082 3107 4126 non
3151 4063 3473 4140 nascitur,
3559 4059 3767 4125 Filius
3834 4062 4091 4126 etiamsi
4138 4076 4537 4128 coaeternus
4581 4073 4687 4126 est
4729 4064 4945 4143 Patri,

2970 4159 3189 4211 tamen
3256 4148 3521 4233 genitus
3587 4161 3716 4225 est,
3787 4159 3854 4212 et
3921 4158 4025 4212 est
4087 4148 4309 4235 imago
4372 4150 4623 4215 aeterni
4691 4146 4944 4217 Patris.

2970 4232 3258 4317 Spiritus
3323 4245 3606 4300 sanctus
3670 4234 3977 4319 procedit
4044 4254 4086 4299 a
4131 4233 4331 4300 Patre
4396 4247 4463 4300 et
4511 4233 4702 4300 Filio.
4792 4234 4948 4301 Hae

2969 4315 3452 4404 appellationes
3512 4331 3739 4385 extant
3799 4322 3868 4386 in
3941 4322 4369 4386 sermonibus
4439 4321 4709 4387 Christi.
4801 4319 4944 4389 Sed

2967 4403 3078 4469 hic
3121 4416 3397 4490 quaerat
3439 4404 3705 4492 aliquis,
3748 4407 3906 4492 quid
3949 4406 4208 4472 intersit
4251 4408 4422 4473 inter
4463 4410 4652 4473 nasci
4696 4419 4763 4473 et.
4784 4426 4941 4492 pro·

2970 4493 3234 4563 cedere.
3322 4491 3468 4557 Etsi
3537 4492 3870 4557 exhauriri
3926 4492 4096 4557 haec
4151 4514 4401 4559 areana
4442 4515 4578 4559 non
4624 4505 4945 4578 possunt,

2968 4589 3186 4643 tamen
3231 4577 3599 4663 significari
3644 4579 3992 4643 discrimen
4011 4577 4219 4643 Filius
4255 4577 4385 4644 Dei
4429 4579 4664 4658 voluit,
4708 4592 4777 4645 et
4821 4599 4944 4646 ne-

2968 4685 3300 4752 quaquam
3358 4667 3503 4729 eius
3570 4684 3793 4729 sermo
3860 4666 4215 4732 mutandus
4280 4679 4406 4731 est.
4493 4665 4679 4731 Usus
4714 4676 4943 4732 autem

2967 4763 3071 4816 est
3135 4750 3485 4817 vocabulis
3551 4750 3901 4831 humanis,
3979 4755 4171 4835 quasi
4240 4753 4579 4819 deducens
4648 4772 4778 4817 nos
4845 4752 4938 4818 ad

2965 4839 3422 4922 aspectionem
3486 4849 3768 4902 naturae
3832 4836 4159 4918 hominis,
4227 4850 4300 4904 ut
4354 4841 4509 4904 inde
4575 4836 4939 4905 similitudo

2965 4935 3031 4989 et
3072 4926 3307 4988 umbra
3351 4934 3668 4988 sumatur.
3757 4921 3929 4989 Sunt
3982 4937 4202 4989 autem
4261 4928 4325 4989 in
4381 4928 4605 4991 anima
4647 4925 4945 4993 hominis

2965 5011 3136 5075 duae
3199 5012 3599 5094 praecipuae
3655 5012 4015 5095 potentiae,
4075 5010 4466 5098 Intelligens
4535 5024 4604 5077 et
4646 5010 4933 5081 Volens.
4992 5069 4997 5074 .

2961 5093 3348 5181 intelligens
3395 5093 3636 5160 format
3681 5098 4056 5183 imaginem,
4123 5101 4383 5183 quoties
4428 5100 4512 5162 de
4556 5101 4772 5164 amico
4822 5120 4938 5165 co·

2960 5182 3152 5330 glitass
3220 5182 3442 5245 statim
3507 5184 3654 5247 eius
3698 5183 4046 5270 imaginem
4088 5186 4153 5249 in
4201 5198 4417 5250 mente
4464 5188 4655 5271 quasi
4700 5186 4935 5273 pingit.

3031 5265 3273 5332 olentis
3319 5281 3540 5333 autem
3585 5273 3922 5352 potentiae
3968 5283 4123 5336 sunt
4165 5292 4386 5353 amor,
4434 5274 4658 5338 odium
4707 5287 4774 5337 et
4820 5270 4938 5338 alii

2843 5385 2849 5391 ·
2963 5353 3270 5432 affectus,
3317 5367 3382 5419 et
3451 5375 3598 5420 cum
3645 5354 3772 5420 hac
3819 5355 4197 5442 copulatum
4241 5372 4342 5423 est
4386 5359 4451 5423 in
4502 5358 4765 5424 homine
4788 5381 4938 5439 cor,

1059 5437 1329 5508 illustre
1387 5438 1833 5507 testimonium
1901 5449 2009 5505 est
2068 5438 2137 5505 in
2198 5437 2524 5527 Symbolo
2574 5440 2854 5507 Niceno.

885 5525 1110 5596 Credo
1169 5528 1238 5594 in
1284 5528 1600 5613 Spiritum
1647 5538 1952 5595 sanctum
2009 5527 2343 5599 dominum
2390 5526 2854 5609 vivificantem,

885 5613 1004 5684 ubl
1065 5636 1221 5683 cum
1273 5614 1561 5706 Spiritus
1624 5627 1902 5683 sanctus
1964 5615 2343 5681 nominatur
2396 5612 2727 5682 Dominus
2792 5625 2857 5681 et
2899 5673 2900 5680 ,

2964 5441 3143 5525 quod
3190 5442 3403 5528 gignit
3449 5442 3756 5526 Spiritus,
3801 5441 4110 5509 videlicet
4150 5442 4522 5511 flammulas
4558 5467 4728 5534 quae
4774 5457 4938 5514 sunt

2960 5528 3365 5593 incitatrices
3431 5530 3785 5614 actionum,
3851 5541 4146 5596 motuum
4209 5545 4275 5596 et
4340 5531 4714 5599 affectuum.
4823 5533 4938 5603 Sit

2960 5613 3161 5714 igitur
3200 5612 3335 5681 hoc
3379 5616 3740 5683 discrimen
3782 5618 3956 5682 inter
3996 5620 4187 5686 nasci
4230 5629 4299 5685 et
4340 5613 4727 5708 procedere.

4908 5749 4941 5766 Q
