<?xml version="1.0" encoding="UTF-8"?>
<!DOCTYPE html PUBLIC "-//W3C//DTD XHTML 1.0 Transitional//EN"
    "http://www.w3.org/TR/xhtml1/DTD/xhtml1-transitional.dtd">
<html xmlns="http://www.w3.org/1999/xhtml" xml:lang="en" lang="en">
 <head>
  <title>
</title>
<meta http-equiv="Content-Type" content="text/html;charset=utf-8" />
  <meta name='ocr-system' content='tesseract 3.04.00' />
  <meta name='ocr-capabilities' content='ocr_page ocr_carea ocr_par ocr_line ocrx_word'/>
</head>
<body>
  <div class='ocr_page' id='page_1' title='image "./philippimelanth02melagoog_0325.png"; bbox 0 0 5892 6709; ppageno 0'>
   <div class='ocr_carea' id='block_1_1' title="bbox 2184 655 3675 726">
    <p class='ocr_par' dir='ltr' id='par_1_1' title="bbox 2184 655 3675 726">
     <span class='ocr_line' id='line_1_1' title="bbox 2184 655 3675 726; baseline -0.001 -2"><span class='ocrx_word' id='word_1_1' title='bbox 2184 655 2409 724; x_wconf 72' lang='lat' dir='ltr'><strong>mu..</strong></span> <span class='ocrx_word' id='word_1_2' title='bbox 2449 656 2660 726; x_wconf 78' lang='lat' dir='ltr'><strong>MEL.</strong></span> <span class='ocrx_word' id='word_1_3' title='bbox 2701 656 3078 726; x_wconf 75' lang='lat' dir='ltr'>SCRIPTA</span> <span class='ocrx_word' id='word_1_4' title='bbox 3118 655 3675 724; x_wconf 65' lang='lat' dir='ltr'><strong>Domuum.</strong></span> 
     </span>
    </p>
   </div>
   <div class='ocr_carea' id='block_1_2' title="bbox 935 839 5001 1022">
    <p class='ocr_par' dir='ltr' id='par_1_2' title="bbox 935 839 5001 1022">
     <span class='ocr_line' id='line_1_2' title="bbox 935 839 4971 949; baseline -0 -35"><span class='ocrx_word' id='word_1_5' title='bbox 935 847 1219 926; x_wconf 84' lang='lat' dir='ltr'><strong>animae,</strong></span> <span class='ocrx_word' id='word_1_6' title='bbox 1283 857 1352 912; x_wconf 95' lang='lat' dir='ltr'><strong>et</strong></span> <span class='ocrx_word' id='word_1_7' title='bbox 1406 846 1608 927; x_wconf 85' lang='lat' dir='ltr'><strong>scire,</strong></span> <span class='ocrx_word' id='word_1_8' title='bbox 1671 865 1845 933; x_wconf 84' lang='lat' dir='ltr'><strong>quae</strong></span> <span class='ocrx_word' id='word_1_9' title='bbox 1892 856 2098 934; x_wconf 88' lang='lat' dir='ltr'><strong>agant</strong></span> <span class='ocrx_word' id='word_1_10' title='bbox 2141 843 2554 926; x_wconf 73' lang='lat' dir='ltr'><strong>naturaiiter,</strong></span> <span class='ocrx_word' id='word_1_11' title='bbox 2618 859 2686 914; x_wconf 90' lang='lat' dir='ltr'><strong>et</strong></span> <span class='ocrx_word' id='word_1_12' title='bbox 2727 869 2901 936; x_wconf 85' lang='lat' dir='ltr'><strong>quae</strong></span> <span class='ocrx_word' id='word_1_13' title='bbox 3004 841 3173 912; x_wconf 84' lang='lat' dir='ltr'><strong>Cum</strong></span> <span class='ocrx_word' id='word_1_14' title='bbox 3214 839 3634 949; x_wconf 45' lang='lat' dir='ltr'><strong>meestum</strong></span> <span class='ocrx_word' id='word_1_15' title='bbox 3674 844 3765 908; x_wconf 84' lang='lat' dir='ltr'><strong>sit</strong></span> <span class='ocrx_word' id='word_1_16' title='bbox 3802 843 3872 910; x_wconf 92' lang='lat' dir='ltr'><strong>in</strong></span> <span class='ocrx_word' id='word_1_17' title='bbox 3912 844 4243 910; x_wconf 85' lang='lat' dir='ltr'><strong>mentibus</strong></span> <span class='ocrx_word' id='word_1_18' title='bbox 4272 842 4614 911; x_wconf 87' lang='lat' dir='ltr'><strong>hominum</strong></span> <span class='ocrx_word' id='word_1_19' title='bbox 4643 841 4971 932; x_wconf 81' lang='lat' dir='ltr'><strong>reliquam</strong></span> 
     </span>
     <span class='ocr_line' id='line_1_3' title="bbox 1116 926 5001 1022; baseline -0 -23"><span class='ocrx_word' id='word_1_20' title='bbox 1116 946 1143 999; x_wconf 87' lang='lat' dir='ltr'><strong>t</strong></span> <span class='ocrx_word' id='word_1_21' title='bbox 1207 930 1418 999; x_wconf 88' lang='lat' dir='ltr'><strong>libere</strong></span> <span class='ocrx_word' id='word_1_22' title='bbox 1472 935 1743 1019; x_wconf 87' lang='lat' dir='ltr'><strong>propria</strong></span> <span class='ocrx_word' id='word_1_23' title='bbox 1795 930 2154 1012; x_wconf 72' lang='lat' dir='ltr'><strong>libertate,</strong></span> <span class='ocrx_word' id='word_1_24' title='bbox 2209 950 2381 1019; x_wconf 87' lang='lat' dir='ltr'><strong>quae</strong></span> <span class='ocrx_word' id='word_1_25' title='bbox 2437 948 2757 1022; x_wconf 86' lang='lat' dir='ltr'><strong>regantur</strong></span> <span class='ocrx_word' id='word_1_26' title='bbox 2810 937 2895 1001; x_wconf 89' lang='lat' dir='ltr'><strong>ab</strong></span> <span class='ocrx_word' id='word_1_27' title='bbox 3002 949 3162 997; x_wconf 86' lang='lat' dir='ltr'><strong>esse</strong></span> <span class='ocrx_word' id='word_1_28' title='bbox 3213 930 3511 996; x_wconf 71' lang='lat' dir='ltr'><strong>notitiam</strong></span> <span class='ocrx_word' id='word_1_29' title='bbox 3567 926 3859 1015; x_wconf 84' lang='lat' dir='ltr'><strong>aliquam</strong></span> <span class='ocrx_word' id='word_1_30' title='bbox 3900 928 4128 1018; x_wconf 83' lang='lat' dir='ltr'><strong>Legis,</strong></span> <span class='ocrx_word' id='word_1_31' title='bbox 4197 941 4265 997; x_wconf 88' lang='lat' dir='ltr'><strong>et</strong></span> <span class='ocrx_word' id='word_1_32' title='bbox 4317 928 4727 997; x_wconf 85' lang='lat' dir='ltr'><strong>voluntatem</strong></span> <span class='ocrx_word' id='word_1_33' title='bbox 4771 931 5001 998; x_wconf 77' lang='lat' dir='ltr'><strong>etiam·</strong></span> 
     </span>
    </p>
   </div>
   <div class='ocr_carea' id='block_1_3' title="bbox 889 1019 2098 1106">
    <p class='ocr_par' dir='ltr' id='par_1_3' title="bbox 889 1019 2098 1106">
     <span class='ocr_line' id='line_1_4' title="bbox 889 1019 2098 1106; baseline -0.001 -20"><span class='ocrx_word' id='word_1_34' title='bbox 889 1032 900 1042; x_wconf 86' lang='lat'>&#39;</span> <span class='ocrx_word' id='word_1_35' title='bbox 1029 1021 1114 1100; x_wconf 86' lang='lat' dir='ltr'><strong>is,</strong></span> <span class='ocrx_word' id='word_1_36' title='bbox 1160 1032 1230 1086; x_wconf 90' lang='lat' dir='ltr'><strong>et</strong></span> <span class='ocrx_word' id='word_1_37' title='bbox 1271 1031 1587 1105; x_wconf 85' lang='lat' dir='ltr'><strong>quantum</strong></span> <span class='ocrx_word' id='word_1_38' title='bbox 1632 1019 1773 1106; x_wconf 88' lang='lat' dir='ltr'><strong>regi</strong></span> <span class='ocrx_word' id='word_1_39' title='bbox 1814 1019 2098 1104; x_wconf 77' lang='lat' dir='ltr'><strong>possint.</strong></span> 
     </span>
    </p>
   </div>
   <div class='ocr_carea' id='block_1_4' title="bbox 928 1186 2898 2290">
    <p class='ocr_par' dir='ltr' id='par_1_4' title="bbox 928 1186 2898 2290">
     <span class='ocr_line' id='line_1_5' title="bbox 985 1186 2897 1276; baseline 0.002 -19"><span class='ocrx_word' id='word_1_40' title='bbox 985 1221 990 1227; x_wconf 96' lang='lat'>·</span> <span class='ocrx_word' id='word_1_41' title='bbox 1112 1187 1464 1257; x_wconf 81' lang='lat' dir='ltr'><strong>vocabula</strong></span> <span class='ocrx_word' id='word_1_42' title='bbox 1528 1190 1723 1256; x_wconf 88' lang='lat' dir='ltr'><strong>etiam</strong></span> <span class='ocrx_word' id='word_1_43' title='bbox 1777 1200 1964 1257; x_wconf 85' lang='lat' dir='ltr'><strong>recte</strong></span> <span class='ocrx_word' id='word_1_44' title='bbox 2019 1186 2494 1276; x_wconf 87' lang='lat' dir='ltr'><strong>intelligantur.</strong></span> <span class='ocrx_word' id='word_1_45' title='bbox 2581 1190 2897 1260; x_wconf 88' lang='lat' dir='ltr'><strong>Liberum</strong></span> 
     </span>
     <span class='ocr_line' id='line_1_6' title="bbox 937 1272 2895 1362; baseline -0.001 -18"><span class='ocrx_word' id='word_1_46' title='bbox 937 1278 1282 1344; x_wconf 73' lang='lat' dir='ltr'><strong>arbitrium</strong></span> <span class='ocrx_word' id='word_1_47' title='bbox 1347 1275 1681 1362; x_wconf 80' lang='lat' dir='ltr'><strong>significat</strong></span> <span class='ocrx_word' id='word_1_48' title='bbox 1744 1272 1869 1340; x_wconf 88' lang='lat' dir='ltr'><strong>has</strong></span> <span class='ocrx_word' id='word_1_49' title='bbox 1914 1275 2083 1340; x_wconf 86' lang='lat' dir='ltr'><strong>duas</strong></span> <span class='ocrx_word' id='word_1_50' title='bbox 2126 1277 2462 1361; x_wconf 80' lang='lat' dir='ltr'><strong>potentias</strong></span> <span class='ocrx_word' id='word_1_51' title='bbox 2521 1275 2895 1362; x_wconf 80' lang='lat' dir='ltr'><strong>copulatas,</strong></span> 
     </span>
     <span class='ocr_line' id='line_1_7' title="bbox 935 1356 2894 1442; baseline 0.001 -14"><span class='ocrx_word' id='word_1_52' title='bbox 935 1361 1351 1429; x_wconf 77' lang='lat' dir='ltr'><strong>Intellectum</strong></span> <span class='ocrx_word' id='word_1_53' title='bbox 1408 1373 1476 1427; x_wconf 89' lang='lat' dir='ltr'><strong>et</strong></span> <span class='ocrx_word' id='word_1_54' title='bbox 1516 1356 1979 1442; x_wconf 75' lang='lat' dir='ltr'><strong>Voluntatem,</strong></span> <span class='ocrx_word' id='word_1_55' title='bbox 2043 1379 2170 1427; x_wconf 85' lang='lat' dir='ltr'><strong>seu</strong></span> <span class='ocrx_word' id='word_1_56' title='bbox 2228 1359 2614 1429; x_wconf 77' lang='lat' dir='ltr'><strong>facultatem</strong></span> <span class='ocrx_word' id='word_1_57' title='bbox 2659 1360 2894 1429; x_wconf 88' lang='lat' dir='ltr'><strong>voiun-</strong></span> 
     </span>
     <span class='ocr_line' id='line_1_8' title="bbox 935 1445 2894 1536; baseline -0.001 -20"><span class='ocrx_word' id='word_1_58' title='bbox 935 1450 1093 1516; x_wconf 85' lang='lat' dir='ltr'><strong>tatis</strong></span> <span class='ocrx_word' id='word_1_59' title='bbox 1136 1449 1222 1514; x_wconf 88' lang='lat' dir='ltr'><strong>ad</strong></span> <span class='ocrx_word' id='word_1_60' title='bbox 1267 1445 1648 1536; x_wconf 86' lang='lat' dir='ltr'><strong>eligendum</strong></span> <span class='ocrx_word' id='word_1_61' title='bbox 1691 1457 1760 1513; x_wconf 87' lang='lat' dir='ltr'><strong>et</strong></span> <span class='ocrx_word' id='word_1_62' title='bbox 1802 1449 2245 1532; x_wconf 80' lang='lat' dir='ltr'><strong>expetendum</strong></span> <span class='ocrx_word' id='word_1_63' title='bbox 2302 1468 2407 1529; x_wconf 90' lang='lat' dir='ltr'><strong>ea,</strong></span> <span class='ocrx_word' id='word_1_64' title='bbox 2470 1468 2645 1536; x_wconf 82' lang='lat' dir='ltr'><strong>quae</strong></span> <span class='ocrx_word' id='word_1_65' title='bbox 2709 1468 2894 1514; x_wconf 89' lang='lat' dir='ltr'><strong>mon-</strong></span> 
     </span>
     <span class='ocr_line' id='line_1_9' title="bbox 934 1531 2894 1621; baseline 0 -20"><span class='ocrx_word' id='word_1_66' title='bbox 934 1546 1146 1601; x_wconf 80' lang='lat' dir='ltr'><strong>strata</strong></span> <span class='ocrx_word' id='word_1_67' title='bbox 1189 1547 1383 1613; x_wconf 85' lang='lat' dir='ltr'><strong>sunt,</strong></span> <span class='ocrx_word' id='word_1_68' title='bbox 1431 1546 1497 1599; x_wconf 87' lang='lat' dir='ltr'><strong>et</strong></span> <span class='ocrx_word' id='word_1_69' title='bbox 1539 1533 1632 1598; x_wconf 87' lang='lat' dir='ltr'><strong>ad</strong></span> <span class='ocrx_word' id='word_1_70' title='bbox 1672 1533 2098 1599; x_wconf 88' lang='lat' dir='ltr'><strong>reiiciendum</strong></span> <span class='ocrx_word' id='word_1_71' title='bbox 2143 1536 2414 1616; x_wconf 85' lang='lat' dir='ltr'><strong>eadem,</strong></span> <span class='ocrx_word' id='word_1_72' title='bbox 2461 1554 2641 1621; x_wconf 85' lang='lat' dir='ltr'><strong>quae</strong></span> <span class='ocrx_word' id='word_1_73' title='bbox 2681 1531 2894 1601; x_wconf 81' lang='lat' dir='ltr'><strong>facul-</strong></span> 
     </span>
     <span class='ocr_line' id='line_1_10' title="bbox 931 1611 2896 1718; baseline -0.001 -30"><span class='ocrx_word' id='word_1_74' title='bbox 931 1631 1042 1688; x_wconf 85' lang='lat' dir='ltr'><strong>tas</strong></span> <span class='ocrx_word' id='word_1_75' title='bbox 1087 1621 1152 1686; x_wconf 92' lang='lat' dir='ltr'><strong>in</strong></span> <span class='ocrx_word' id='word_1_76' title='bbox 1197 1631 1435 1686; x_wconf 87' lang='lat' dir='ltr'><strong>natura</strong></span> <span class='ocrx_word' id='word_1_77' title='bbox 1477 1611 1764 1685; x_wconf 76' lang='lat' dir='ltr'><strong>hominis</strong></span> <span class='ocrx_word' id='word_1_78' title='bbox 1811 1621 2096 1718; x_wconf 80' lang='lat' dir='ltr'><strong>integra,</strong></span> <span class='ocrx_word' id='word_1_79' title='bbox 2136 1617 2343 1708; x_wconf 83' lang='lat' dir='ltr'><strong>longe</strong></span> <span class='ocrx_word' id='word_1_80' title='bbox 2385 1617 2509 1686; x_wconf 79' lang='lat' dir='ltr'><strong>fuit</strong></span> <span class='ocrx_word' id='word_1_81' title='bbox 2550 1633 2896 1704; x_wconf 76' lang='lat' dir='ltr'><strong>praestan-</strong></span> 
     </span>
     <span class='ocr_line' id='line_1_11' title="bbox 931 1705 2896 1794; baseline -0.002 -20"><span class='ocrx_word' id='word_1_82' title='bbox 931 1706 1065 1774; x_wconf 80' lang='lat' dir='ltr'><strong>tior</strong></span> <span class='ocrx_word' id='word_1_83' title='bbox 1108 1725 1307 1794; x_wconf 86' lang='lat' dir='ltr'><strong>quam</strong></span> <span class='ocrx_word' id='word_1_84' title='bbox 1352 1726 1532 1772; x_wconf 89' lang='lat' dir='ltr'><strong>nunc</strong></span> <span class='ocrx_word' id='word_1_85' title='bbox 1573 1716 1680 1771; x_wconf 86' lang='lat' dir='ltr'><strong>est</strong></span> <span class='ocrx_word' id='word_1_86' title='bbox 1733 1706 1801 1771; x_wconf 88' lang='lat' dir='ltr'><strong>in</strong></span> <span class='ocrx_word' id='word_1_87' title='bbox 1866 1705 2273 1792; x_wconf 80' lang='lat' dir='ltr'><strong>depravatis,</strong></span> <span class='ocrx_word' id='word_1_88' title='bbox 2337 1717 2412 1772; x_wconf 86' lang='lat' dir='ltr'><strong>ut</strong></span> <span class='ocrx_word' id='word_1_89' title='bbox 2453 1705 2679 1773; x_wconf 86' lang='lat' dir='ltr'><strong>Liberi</strong></span> <span class='ocrx_word' id='word_1_90' title='bbox 2724 1706 2896 1772; x_wconf 82' lang='lat' dir='ltr'><strong>arhi-</strong></span> 
     </span>
     <span class='ocr_line' id='line_1_12' title="bbox 928 1788 2896 1878; baseline -0.001 -20"><span class='ocrx_word' id='word_1_91' title='bbox 928 1792 1038 1858; x_wconf 86' lang='lat' dir='ltr'><strong>trii</strong></span> <span class='ocrx_word' id='word_1_92' title='bbox 1080 1804 1210 1871; x_wconf 86' lang='lat' dir='ltr'><strong>est,</strong></span> <span class='ocrx_word' id='word_1_93' title='bbox 1276 1793 1459 1878; x_wconf 85' lang='lat' dir='ltr'><strong>quod</strong></span> <span class='ocrx_word' id='word_1_94' title='bbox 1503 1791 1732 1875; x_wconf 83' lang='lat' dir='ltr'><strong>Scipio</strong></span> <span class='ocrx_word' id='word_1_95' title='bbox 1797 1809 1935 1858; x_wconf 91' lang='lat' dir='ltr'><strong>non</strong></span> <span class='ocrx_word' id='word_1_96' title='bbox 2000 1788 2210 1858; x_wconf 82' lang='lat' dir='ltr'><strong>voluit</strong></span> <span class='ocrx_word' id='word_1_97' title='bbox 2251 1789 2534 1858; x_wconf 85' lang='lat' dir='ltr'><strong>alienam</strong></span> <span class='ocrx_word' id='word_1_98' title='bbox 2577 1811 2896 1878; x_wconf 87' lang='lat' dir='ltr'><strong>sponsam</strong></span> 
     </span>
     <span class='ocr_line' id='line_1_13' title="bbox 929 1875 2898 1966; baseline -0.001 -22"><span class='ocrx_word' id='word_1_99' title='bbox 929 1879 1288 1966; x_wconf 85' lang='lat' dir='ltr'><strong>attingere,</strong></span> <span class='ocrx_word' id='word_1_100' title='bbox 1347 1877 1471 1942; x_wconf 80' lang='lat' dir='ltr'><strong>sed</strong></span> <span class='ocrx_word' id='word_1_101' title='bbox 1514 1875 1848 1944; x_wconf 77' lang='lat' dir='ltr'><strong>vulteum</strong></span> <span class='ocrx_word' id='word_1_102' title='bbox 1889 1876 2277 1944; x_wconf 84' lang='lat' dir='ltr'><strong>inviolatam</strong></span> <span class='ocrx_word' id='word_1_103' title='bbox 2319 1878 2463 1944; x_wconf 87' lang='lat' dir='ltr'><strong>sine</strong></span> <span class='ocrx_word' id='word_1_104' title='bbox 2499 1876 2898 1946; x_wconf 89' lang='lat' dir='ltr'><strong>contumelia</strong></span> 
     </span>
     <span class='ocr_line' id='line_1_14' title="bbox 931 1959 2897 2049; baseline -0.001 -19"><span class='ocrx_word' id='word_1_105' title='bbox 931 1964 1164 2030; x_wconf 84' lang='lat' dir='ltr'><strong>reduci</strong></span> <span class='ocrx_word' id='word_1_106' title='bbox 1181 1963 1299 2028; x_wconf 82' lang='lat' dir='ltr'><strong>’ad</strong></span> <span class='ocrx_word' id='word_1_107' title='bbox 1338 1961 1678 2049; x_wconf 59' lang='lat' dir='ltr'><strong>parentes.</strong></span> <span class='ocrx_word' id='word_1_108' title='bbox 1763 1959 1875 2030; x_wconf 84' lang='lat' dir='ltr'><strong>De</strong></span> <span class='ocrx_word' id='word_1_109' title='bbox 1925 1960 2032 2029; x_wconf 88' lang='lat' dir='ltr'><strong>his</strong></span> <span class='ocrx_word' id='word_1_110' title='bbox 2092 1962 2444 2030; x_wconf 81' lang='lat' dir='ltr'><strong>vocabulis</strong></span> <span class='ocrx_word' id='word_1_111' title='bbox 2499 1961 2707 2030; x_wconf 88' lang='lat' dir='ltr'><strong>multa</strong></span> <span class='ocrx_word' id='word_1_112' title='bbox 2763 1965 2897 2029; x_wconf 82' lang='lat' dir='ltr'><strong>exi-</strong></span> 
     </span>
     <span class='ocr_line' id='line_1_15' title="bbox 931 2046 2896 2138; baseline 0 -23"><span class='ocrx_word' id='word_1_113' title='bbox 931 2046 1085 2115; x_wconf 86' lang='lat' dir='ltr'><strong>liter</strong></span> <span class='ocrx_word' id='word_1_114' title='bbox 1125 2051 1415 2133; x_wconf 73' lang='lat' dir='ltr'><strong>disputat</strong></span> <span class='ocrx_word' id='word_1_115' title='bbox 1458 2059 1783 2129; x_wconf 74' lang='lat' dir='ltr'><strong>vetustas,</strong></span> <span class='ocrx_word' id='word_1_116' title='bbox 1845 2070 2023 2136; x_wconf 82' lang='lat' dir='ltr'><strong>quae</strong></span> <span class='ocrx_word' id='word_1_117' title='bbox 2090 2062 2308 2116; x_wconf 88' lang='lat' dir='ltr'><strong>tamen</strong></span> <span class='ocrx_word' id='word_1_118' title='bbox 2373 2062 2442 2116; x_wconf 89' lang='lat' dir='ltr'><strong>et</strong></span> <span class='ocrx_word' id='word_1_119' title='bbox 2505 2048 2785 2138; x_wconf 79' lang='lat' dir='ltr'><strong>intelligi</strong></span> <span class='ocrx_word' id='word_1_120' title='bbox 2831 2060 2896 2115; x_wconf 84' lang='lat' dir='ltr'><strong>et</strong></span> 
     </span>
     <span class='ocr_line' id='line_1_16' title="bbox 933 2131 2896 2225; baseline 0.002 -26"><span class='ocrx_word' id='word_1_121' title='bbox 933 2131 1250 2222; x_wconf 67' lang='lat' dir='ltr'><strong>explicari</strong></span> <span class='ocrx_word' id='word_1_122' title='bbox 1293 2131 1496 2202; x_wconf 74' lang='lat' dir='ltr'><strong>facile</strong></span> <span class='ocrx_word' id='word_1_123' title='bbox 1535 2145 1825 2219; x_wconf 86' lang='lat' dir='ltr'><strong>possunt</strong></span> <span class='ocrx_word' id='word_1_124' title='bbox 1863 2138 1951 2201; x_wconf 88' lang='lat' dir='ltr'><strong>ab</strong></span> <span class='ocrx_word' id='word_1_125' title='bbox 1987 2133 2120 2216; x_wconf 84' lang='lat' dir='ltr'><strong>his,</strong></span> <span class='ocrx_word' id='word_1_126' title='bbox 2163 2138 2275 2225; x_wconf 82' lang='lat' dir='ltr'><strong>qui</strong></span> <span class='ocrx_word' id='word_1_127' title='bbox 2297 2136 2631 2225; x_wconf 70' lang='lat' dir='ltr'><strong>physicae</strong></span> <span class='ocrx_word' id='word_1_128' title='bbox 2652 2136 2896 2203; x_wconf 89' lang='lat' dir='ltr'><strong>doctri-</strong></span> 
     </span>
     <span class='ocr_line' id='line_1_17' title="bbox 929 2219 2748 2290; baseline -0.001 -2"><span class='ocrx_word' id='word_1_129' title='bbox 929 2241 1064 2288; x_wconf 86' lang='lat' dir='ltr'><strong>nae</strong></span> <span class='ocrx_word' id='word_1_130' title='bbox 1107 2219 1436 2288; x_wconf 81' lang='lat' dir='ltr'><strong>elementa</strong></span> <span class='ocrx_word' id='word_1_131' title='bbox 1477 2232 1665 2289; x_wconf 89' lang='lat' dir='ltr'><strong>recte</strong></span> <span class='ocrx_word' id='word_1_132' title='bbox 1707 2222 2100 2290; x_wconf 82' lang='lat' dir='ltr'><strong>didicerunt.</strong></span> <span class='ocrx_word' id='word_1_133' title='bbox 2743 2257 2748 2262; x_wconf 92' lang='lat'>·</span> 
     </span>
    </p>
   </div>
   <div class='ocr_carea' id='block_1_5' title="bbox 887 2390 2897 2905">
    <p class='ocr_par' dir='ltr' id='par_1_5' title="bbox 887 2390 2897 2905">
     <span class='ocr_line' id='line_1_18' title="bbox 1103 2390 2895 2499; baseline 0.001 -43"><span class='ocrx_word' id='word_1_134' title='bbox 1103 2392 1178 2456; x_wconf 88' lang='lat' dir='ltr'><strong>ln</strong></span> <span class='ocrx_word' id='word_1_135' title='bbox 1224 2393 1495 2499; x_wconf 70' lang='lat' dir='ltr'><strong>scriptis</strong></span> <span class='ocrx_word' id='word_1_136' title='bbox 1528 2390 1949 2478; x_wconf 73' lang='lat' dir='ltr'><strong>propheticis</strong></span> <span class='ocrx_word' id='word_1_137' title='bbox 1994 2403 2064 2460; x_wconf 90' lang='lat' dir='ltr'><strong>et</strong></span> <span class='ocrx_word' id='word_1_138' title='bbox 2106 2390 2516 2481; x_wconf 83' lang='lat' dir='ltr'><strong>Apostolicis</strong></span> <span class='ocrx_word' id='word_1_139' title='bbox 2560 2393 2735 2459; x_wconf 87' lang='lat' dir='ltr'><strong>haec</strong></span> <span class='ocrx_word' id='word_1_140' title='bbox 2776 2414 2895 2460; x_wconf 82' lang='lat' dir='ltr'><strong>vo-</strong></span> 
     </span>
     <span class='ocr_line' id='line_1_19' title="bbox 931 2475 2894 2652; baseline -0.001 -21"><span class='ocrx_word' id='word_1_141' title='bbox 931 2475 1175 2652; x_wconf 58' lang='grc' dir='ltr'><strong>ζίῗᾶἲ</strong></span> <span class='ocrx_word' id='word_1_142' title='bbox 1217 2489 1914 2651; x_wconf 50' lang='grc' dir='ltr'><strong>ἶᾞῖηῗὲιῗὲὶιῒῖἰ</strong></span> <span class='ocrx_word' id='word_1_143' title='bbox 1949 2482 2894 2645; x_wconf 46' lang='grc' dir='ltr'><strong>’ἑοῗὲζίαἶξῗῗὲῗὲὼέιᾞῖ</strong></span> 
     </span>
     <span class='ocr_line' id='line_1_20' title="bbox 887 2647 2897 2757; baseline 0.002 -43"><span class='ocrx_word' id='word_1_144' title='bbox 887 2649 1242 2732; x_wconf 36' lang='lat' dir='ltr'><strong>„simulate</strong></span> <span class='ocrx_word' id='word_1_145' title='bbox 1282 2649 1535 2737; x_wconf 82' lang='lat' dir='ltr'><strong>aliquid</strong></span> <span class='ocrx_word' id='word_1_146' title='bbox 1598 2647 1893 2755; x_wconf 54' lang='lat' dir='ltr'><strong>yflente,</strong></span> <span class='ocrx_word' id='word_1_147' title='bbox 1957 2649 2096 2715; x_wconf 89' lang='lat' dir='ltr'><strong>hoc</strong></span> <span class='ocrx_word' id='word_1_148' title='bbox 2160 2663 2303 2732; x_wconf 90' lang='lat' dir='ltr'><strong>est,</strong></span> <span class='ocrx_word' id='word_1_149' title='bbox 2368 2672 2514 2757; x_wconf 75' lang='lat' dir='ltr'><strong>com</strong></span> <span class='ocrx_word' id='word_1_150' title='bbox 2562 2648 2897 2718; x_wconf 86' lang='lat' dir='ltr'><strong>lectuntur</strong></span> 
     </span>
     <span class='ocr_line' id='line_1_21' title="bbox 929 2735 2896 2905; baseline 0.002 -105"><span class='ocrx_word' id='word_1_151' title='bbox 929 2735 1837 2905; x_wconf 47' lang='lat' dir='ltr'><strong>fflipli&#39;zmogmagppggaes</strong></span> <span class='ocrx_word' id='word_1_152' title='bbox 1879 2755 2105 2817; x_wconf 82' lang='lat' dir='ltr'><strong>veras,</strong></span> <span class='ocrx_word' id='word_1_153' title='bbox 2164 2757 2299 2803; x_wconf 90' lang='lat' dir='ltr'><strong>non</strong></span> <span class='ocrx_word' id='word_1_154' title='bbox 2341 2759 2468 2804; x_wconf 79' lang='lat' dir='ltr'><strong>sim</strong></span> <span class='ocrx_word' id='word_1_155' title='bbox 2581 2751 2712 2818; x_wconf 88' lang='lat' dir='ltr'><strong>tas,</strong></span> <span class='ocrx_word' id='word_1_156' title='bbox 2765 2758 2896 2805; x_wconf 91' lang='lat' dir='ltr'><strong>nec</strong></span> 
     </span>
    </p>
   </div>
   <div class='ocr_carea' id='block_1_6' title="bbox 875 2937 2893 3255">
    <p class='ocr_par' dir='ltr' id='par_1_6' title="bbox 875 2937 2893 3255">
     <span class='ocr_line' id='line_1_22' title="bbox 1105 2937 2892 3081; baseline 0.002 -24"><span class='ocrx_word' id='word_1_157' title='bbox 1105 2990 1277 3058; x_wconf 86' lang='lat' dir='ltr'><strong>Cum</strong></span> <span class='ocrx_word' id='word_1_158' title='bbox 1322 3013 1399 3059; x_wconf 90' lang='lat' dir='ltr'><strong>er</strong></span> <span class='ocrx_word' id='word_1_159' title='bbox 1530 2994 1598 3059; x_wconf 89' lang='lat' dir='ltr'><strong>in</strong></span> <span class='ocrx_word' id='word_1_160' title='bbox 1630 2937 1943 3059; x_wconf 72' lang='lat' dir='ltr'><strong>Ecclesia</strong></span> <span class='ocrx_word' id='word_1_161' title='bbox 1987 2995 2385 3081; x_wconf 81' lang='lat' dir='ltr'><strong>disputatur,</strong></span> <span class='ocrx_word' id='word_1_162' title='bbox 2448 3015 2536 3061; x_wconf 90' lang='lat' dir='ltr'><strong>an</strong></span> <span class='ocrx_word' id='word_1_163' title='bbox 2578 2992 2892 3061; x_wconf 74' lang='lat' dir='ltr'><strong>voluntas</strong></span> 
     </span>
     <span class='ocr_line' id='line_1_23' title="bbox 928 3077 2893 3168; baseline 0.002 -24"><span class='ocrx_word' id='word_1_164' title='bbox 928 3077 1220 3144; x_wconf 90' lang='lat' dir='ltr'><strong>humana</strong></span> <span class='ocrx_word' id='word_1_165' title='bbox 1263 3080 1351 3144; x_wconf 89' lang='lat' dir='ltr'><strong>sit</strong></span> <span class='ocrx_word' id='word_1_166' title='bbox 1422 3081 1644 3159; x_wconf 80' lang='lat' dir='ltr'><strong>ibera,</strong></span> <span class='ocrx_word' id='word_1_167' title='bbox 1701 3078 1836 3145; x_wconf 92' lang='lat' dir='ltr'><strong>hoc</strong></span> <span class='ocrx_word' id='word_1_168' title='bbox 1881 3085 2243 3166; x_wconf 85' lang='lat' dir='ltr'><strong>quaeritur,</strong></span> <span class='ocrx_word' id='word_1_169' title='bbox 2300 3080 2409 3147; x_wconf 83' lang='lat' dir='ltr'><strong>An</strong></span> <span class='ocrx_word' id='word_1_170' title='bbox 2453 3093 2522 3147; x_wconf 92' lang='lat' dir='ltr'><strong>et</strong></span> <span class='ocrx_word' id='word_1_171' title='bbox 2565 3093 2893 3168; x_wconf 86' lang='lat' dir='ltr'><strong>quatenus</strong></span> 
     </span>
     <span class='ocr_line' id='line_1_24' title="bbox 875 3162 2545 3255; baseline 0.001 -24"><span class='ocrx_word' id='word_1_172' title='bbox 875 3213 882 3221; x_wconf 88' lang='lat'>-</span> <span class='ocrx_word' id='word_1_173' title='bbox 929 3162 1241 3232; x_wconf 82' lang='lat' dir='ltr'><strong>voluntas</strong></span> <span class='ocrx_word' id='word_1_174' title='bbox 1284 3162 1577 3232; x_wconf 85' lang='lat' dir='ltr'><strong>humana</strong></span> <span class='ocrx_word' id='word_1_175' title='bbox 1617 3164 1789 3255; x_wconf 81' lang='lat' dir='ltr'><strong>Legi</strong></span> <span class='ocrx_word' id='word_1_176' title='bbox 1833 3164 1963 3233; x_wconf 88' lang='lat' dir='ltr'><strong>Dei</strong></span> <span class='ocrx_word' id='word_1_177' title='bbox 2006 3168 2279 3234; x_wconf 83' lang='lat' dir='ltr'><strong>obedire</strong></span> <span class='ocrx_word' id='word_1_178' title='bbox 2310 3169 2545 3255; x_wconf 80' lang='lat' dir='ltr'><strong>possit.</strong></span> 
     </span>
    </p>
   </div>
   <div class='ocr_carea' id='block_1_7' title="bbox 927 3336 2894 3764">
    <p class='ocr_par' dir='ltr' id='par_1_7' title="bbox 927 3336 2894 3764">
     <span class='ocr_line' id='line_1_25' title="bbox 1100 3336 2894 3426; baseline 0.002 -24"><span class='ocrx_word' id='word_1_179' title='bbox 1100 3336 1228 3404; x_wconf 77' lang='lat' dir='ltr'><strong>Hie</strong></span> <span class='ocrx_word' id='word_1_180' title='bbox 1270 3356 1562 3403; x_wconf 88' lang='lat' dir='ltr'><strong>necesse</strong></span> <span class='ocrx_word' id='word_1_181' title='bbox 1602 3347 1711 3403; x_wconf 86' lang='lat' dir='ltr'><strong>est</strong></span> <span class='ocrx_word' id='word_1_182' title='bbox 1765 3338 1946 3403; x_wconf 86' lang='lat' dir='ltr'><strong>scire</strong></span> <span class='ocrx_word' id='word_1_183' title='bbox 2009 3339 2379 3404; x_wconf 85' lang='lat' dir='ltr'><strong>doctrinam</strong></span> <span class='ocrx_word' id='word_1_184' title='bbox 2436 3341 2523 3406; x_wconf 89' lang='lat' dir='ltr'><strong>de</strong></span> <span class='ocrx_word' id='word_1_185' title='bbox 2584 3351 2894 3426; x_wconf 85' lang='lat' dir='ltr'><strong>peccato,</strong></span> 
     </span>
     <span class='ocr_line' id='line_1_26' title="bbox 930 3422 2891 3514; baseline 0.001 -25"><span class='ocrx_word' id='word_1_186' title='bbox 930 3422 1113 3509; x_wconf 84' lang='lat' dir='ltr'><strong>quod</strong></span> <span class='ocrx_word' id='word_1_187' title='bbox 1177 3435 1541 3488; x_wconf 88' lang='lat' dir='ltr'><strong>nascentes</strong></span> <span class='ocrx_word' id='word_1_188' title='bbox 1604 3422 1969 3504; x_wconf 75' lang='lat' dir='ltr'><strong>afferimus,</strong></span> <span class='ocrx_word' id='word_1_189' title='bbox 2033 3425 2215 3511; x_wconf 82' lang='lat' dir='ltr'><strong>quod</strong></span> <span class='ocrx_word' id='word_1_190' title='bbox 2268 3436 2373 3492; x_wconf 87' lang='lat' dir='ltr'><strong>est</strong></span> <span class='ocrx_word' id='word_1_191' title='bbox 2413 3427 2623 3491; x_wconf 85' lang='lat' dir='ltr'><strong>tristis</strong></span> <span class='ocrx_word' id='word_1_192' title='bbox 2671 3425 2891 3514; x_wconf 88' lang='lat' dir='ltr'><strong>caiigo</strong></span> 
     </span>
     <span class='ocr_line' id='line_1_27' title="bbox 928 3508 2894 3597; baseline 0.003 -23"><span class='ocrx_word' id='word_1_193' title='bbox 928 3509 999 3574; x_wconf 89' lang='lat' dir='ltr'><strong>in</strong></span> <span class='ocrx_word' id='word_1_194' title='bbox 1047 3509 1342 3593; x_wconf 86' lang='lat' dir='ltr'><strong>potentia</strong></span> <span class='ocrx_word' id='word_1_195' title='bbox 1384 3522 1866 3597; x_wconf 88' lang='lat' dir='ltr'><strong>cognoscente,</strong></span> <span class='ocrx_word' id='word_1_196' title='bbox 1932 3508 2243 3578; x_wconf 86' lang='lat' dir='ltr'><strong>videlicet</strong></span> <span class='ocrx_word' id='word_1_197' title='bbox 2307 3531 2466 3578; x_wconf 88' lang='lat' dir='ltr'><strong>esse</strong></span> <span class='ocrx_word' id='word_1_198' title='bbox 2530 3513 2678 3578; x_wconf 88' lang='lat' dir='ltr'><strong>sine</strong></span> <span class='ocrx_word' id='word_1_199' title='bbox 2739 3510 2894 3580; x_wconf 82' lang='lat' dir='ltr'><strong>luce</strong></span> 
     </span>
     <span class='ocr_line' id='line_1_28' title="bbox 929 3592 2894 3679; baseline 0.004 -22"><span class='ocrx_word' id='word_1_200' title='bbox 929 3605 1345 3679; x_wconf 75' lang='lat' dir='ltr'><strong>agnoscente</strong></span> <span class='ocrx_word' id='word_1_201' title='bbox 1387 3592 1628 3672; x_wconf 90' lang='lat' dir='ltr'><strong>Deum,</strong></span> <span class='ocrx_word' id='word_1_202' title='bbox 1693 3606 1763 3661; x_wconf 86' lang='lat' dir='ltr'><strong>et</strong></span> <span class='ocrx_word' id='word_1_203' title='bbox 1825 3616 1984 3662; x_wconf 85' lang='lat' dir='ltr'><strong>esse</strong></span> <span class='ocrx_word' id='word_1_204' title='bbox 2050 3599 2198 3663; x_wconf 79' lang='lat' dir='ltr'><strong>sino</strong></span> <span class='ocrx_word' id='word_1_205' title='bbox 2251 3597 2441 3664; x_wconf 86' lang='lat' dir='ltr'><strong>firma</strong></span> <span class='ocrx_word' id='word_1_206' title='bbox 2485 3598 2618 3663; x_wconf 83' lang='lat' dir='ltr'><strong>fide</strong></span> <span class='ocrx_word' id='word_1_207' title='bbox 2659 3617 2894 3664; x_wconf 78' lang='lat' dir='ltr'><strong>aseen-</strong></span> 
     </span>
     <span class='ocr_line' id='line_1_29' title="bbox 927 3677 2894 3764; baseline 0.002 -18"><span class='ocrx_word' id='word_1_208' title='bbox 927 3680 1135 3746; x_wconf 85' lang='lat' dir='ltr'><strong>tiente</strong></span> <span class='ocrx_word' id='word_1_209' title='bbox 1177 3680 1371 3744; x_wconf 87' lang='lat' dir='ltr'><strong>minis</strong></span> <span class='ocrx_word' id='word_1_210' title='bbox 1416 3691 1485 3746; x_wconf 89' lang='lat' dir='ltr'><strong>et</strong></span> <span class='ocrx_word' id='word_1_211' title='bbox 1525 3681 2107 3764; x_wconf 81' lang='lat' dir='ltr'><strong>promissionibus,</strong></span> <span class='ocrx_word' id='word_1_212' title='bbox 2179 3695 2247 3748; x_wconf 89' lang='lat' dir='ltr'><strong>et</strong></span> <span class='ocrx_word' id='word_1_213' title='bbox 2311 3685 2377 3748; x_wconf 92' lang='lat' dir='ltr'><strong>in</strong></span> <span class='ocrx_word' id='word_1_214' title='bbox 2436 3682 2785 3750; x_wconf 83' lang='lat' dir='ltr'><strong>voluntate</strong></span> <span class='ocrx_word' id='word_1_215' title='bbox 2827 3677 2894 3750; x_wconf 63' lang='lat' dir='ltr'><strong>St</strong></span> 
     </span>
    </p>
   </div>
   <div class='ocr_carea' id='block_1_8' title="bbox 926 3766 2949 3847">
    <p class='ocr_par' dir='ltr' id='par_1_8' title="bbox 926 3766 2949 3847">
     <span class='ocr_line' id='line_1_30' title="bbox 926 3766 2949 3847; baseline 0.001 -14"><span class='ocrx_word' id='word_1_216' title='bbox 926 3767 996 3833; x_wconf 86' lang='lat' dir='ltr'><strong>in</strong></span> <span class='ocrx_word' id='word_1_217' title='bbox 1044 3767 1252 3831; x_wconf 90' lang='lat' dir='ltr'><strong>corde</strong></span> <span class='ocrx_word' id='word_1_218' title='bbox 1295 3786 1452 3831; x_wconf 75' lang='lat' dir='ltr'><strong>esse</strong></span> <span class='ocrx_word' id='word_1_219' title='bbox 1496 3766 1643 3831; x_wconf 88' lang='lat' dir='ltr'><strong>sine</strong></span> <span class='ocrx_word' id='word_1_220' title='bbox 1690 3779 1955 3832; x_wconf 89' lang='lat' dir='ltr'><strong>rectore</strong></span> <span class='ocrx_word' id='word_1_221' title='bbox 2000 3768 2173 3847; x_wconf 89' lang='lat' dir='ltr'><strong>Deo,</strong></span> <span class='ocrx_word' id='word_1_222' title='bbox 2219 3779 2287 3833; x_wconf 90' lang='lat' dir='ltr'><strong>et</strong></span> <span class='ocrx_word' id='word_1_223' title='bbox 2329 3790 2414 3834; x_wconf 85' lang='lat' dir='ltr'><strong>va</strong></span> <span class='ocrx_word' id='word_1_224' title='bbox 2465 3770 2563 3834; x_wconf 89' lang='lat' dir='ltr'><strong>ari</strong></span> <span class='ocrx_word' id='word_1_225' title='bbox 2608 3768 2894 3835; x_wconf 86' lang='lat' dir='ltr'><strong>flammis</strong></span> <span class='ocrx_word' id='word_1_226' title='bbox 2945 3813 2949 3816; x_wconf 43' lang='lat'><em>1</em></span> 
     </span>
    </p>
   </div>
   <div class='ocr_carea' id='block_1_9' title="bbox 932 3851 2894 3940">
    <p class='ocr_par' dir='ltr' id='par_1_9' title="bbox 932 3851 2894 3940">
     <span class='ocr_line' id='line_1_31' title="bbox 932 3851 2894 3940; baseline 0.002 -22"><span class='ocrx_word' id='word_1_227' title='bbox 932 3851 1361 3937; x_wconf 76' lang='lat' dir='ltr'><strong>cupiditatum</strong></span> <span class='ocrx_word' id='word_1_228' title='bbox 1407 3864 1644 3917; x_wconf 88' lang='lat' dir='ltr'><strong>contra</strong></span> <span class='ocrx_word' id='word_1_229' title='bbox 1686 3852 1990 3919; x_wconf 81' lang='lat' dir='ltr'><strong>ordinem</strong></span> <span class='ocrx_word' id='word_1_230' title='bbox 2031 3875 2075 3920; x_wconf 89' lang='lat' dir='ltr'><strong>a</strong></span> <span class='ocrx_word' id='word_1_231' title='bbox 2119 3851 2270 3919; x_wconf 90' lang='lat' dir='ltr'><strong>Deo</strong></span> <span class='ocrx_word' id='word_1_232' title='bbox 2314 3855 2382 3919; x_wconf 88' lang='lat' dir='ltr'><strong>in</strong></span> <span class='ocrx_word' id='word_1_233' title='bbox 2493 3875 2619 3940; x_wconf 89' lang='lat' dir='ltr'><strong>ege</strong></span> <span class='ocrx_word' id='word_1_234' title='bbox 2675 3856 2894 3921; x_wconf 89' lang='lat' dir='ltr'><strong>sanci-</strong></span> 
     </span>
    </p>
   </div>
   <div class='ocr_carea' id='block_1_10' title="bbox 924 3936 2894 4111">
    <p class='ocr_par' dir='ltr' id='par_1_10' title="bbox 924 3936 2894 4111">
     <span class='ocr_line' id='line_1_32' title="bbox 925 3936 2894 4025; baseline 0.003 -21"><span class='ocrx_word' id='word_1_235' title='bbox 925 3949 1085 4004; x_wconf 88' lang='lat' dir='ltr'><strong>tum.</strong></span> <span class='ocrx_word' id='word_1_236' title='bbox 1175 3937 1361 4003; x_wconf 86' lang='lat' dir='ltr'><strong>Haec</strong></span> <span class='ocrx_word' id='word_1_237' title='bbox 1406 3936 1582 4005; x_wconf 88' lang='lat' dir='ltr'><strong>mala</strong></span> <span class='ocrx_word' id='word_1_238' title='bbox 1623 3940 1985 4025; x_wconf 85' lang='lat' dir='ltr'><strong>impediunt</strong></span> <span class='ocrx_word' id='word_1_239' title='bbox 2025 3941 2409 4007; x_wconf 89' lang='lat' dir='ltr'><strong>interiorem</strong></span> <span class='ocrx_word' id='word_1_240' title='bbox 2451 3942 2894 4009; x_wconf 88' lang='lat' dir='ltr'><strong>obedientiam</strong></span> 
     </span>
     <span class='ocr_line' id='line_1_33' title="bbox 924 4022 1398 4111; baseline -0.002 -21"><span class='ocrx_word' id='word_1_241' title='bbox 924 4044 1091 4111; x_wconf 83' lang='lat' dir='ltr'><strong>erga</strong></span> <span class='ocrx_word' id='word_1_242' title='bbox 1125 4022 1398 4111; x_wconf 80' lang='lat' dir='ltr'><strong>Legem.</strong></span> 
     </span>
    </p>
   </div>
   <div class='ocr_carea' id='block_1_11' title="bbox 883 4196 2895 4715">
    <p class='ocr_par' dir='ltr' id='par_1_11' title="bbox 883 4196 2895 4715">
     <span class='ocr_line' id='line_1_34' title="bbox 883 4196 2895 4265; baseline 0.002 -6"><span class='ocrx_word' id='word_1_243' title='bbox 883 4233 890 4242; x_wconf 94' lang='lat'><em>·</em></span> <span class='ocrx_word' id='word_1_244' title='bbox 1097 4196 1404 4263; x_wconf 80' lang='lat' dir='ltr'><strong>Necesse</strong></span> <span class='ocrx_word' id='word_1_245' title='bbox 1449 4208 1555 4262; x_wconf 88' lang='lat' dir='ltr'><strong>est</strong></span> <span class='ocrx_word' id='word_1_246' title='bbox 1621 4200 1817 4262; x_wconf 88' lang='lat' dir='ltr'><strong>etiam</strong></span> <span class='ocrx_word' id='word_1_247' title='bbox 1882 4198 2062 4262; x_wconf 90' lang='lat' dir='ltr'><strong>scire</strong></span> <span class='ocrx_word' id='word_1_248' title='bbox 2123 4218 2353 4264; x_wconf 84' lang='lat' dir='ltr'><strong>veram</strong></span> <span class='ocrx_word' id='word_1_249' title='bbox 2398 4198 2764 4265; x_wconf 89' lang='lat' dir='ltr'><strong>doctrinam</strong></span> <span class='ocrx_word' id='word_1_250' title='bbox 2809 4200 2895 4265; x_wconf 88' lang='lat' dir='ltr'><strong>de</strong></span> 
     </span>
     <span class='ocr_line' id='line_1_35' title="bbox 926 4279 2895 4370; baseline 0.002 -23"><span class='ocrx_word' id='word_1_251' title='bbox 926 4279 1114 4369; x_wconf 88' lang='lat' dir='ltr'><strong>Lege</strong></span> <span class='ocrx_word' id='word_1_252' title='bbox 1161 4282 1312 4362; x_wconf 87' lang='lat' dir='ltr'><strong>Dei,</strong></span> <span class='ocrx_word' id='word_1_253' title='bbox 1368 4284 1526 4369; x_wconf 90' lang='lat' dir='ltr'><strong>quid</strong></span> <span class='ocrx_word' id='word_1_254' title='bbox 1569 4284 1660 4348; x_wconf 88' lang='lat' dir='ltr'><strong>sit</strong></span> <span class='ocrx_word' id='word_1_255' title='bbox 1708 4295 1776 4348; x_wconf 90' lang='lat' dir='ltr'><strong>et</strong></span> <span class='ocrx_word' id='word_1_256' title='bbox 1817 4304 2027 4370; x_wconf 86' lang='lat' dir='ltr'><strong>quare</strong></span> <span class='ocrx_word' id='word_1_257' title='bbox 2071 4285 2228 4350; x_wconf 85' lang='lat' dir='ltr'><strong>data</strong></span> <span class='ocrx_word' id='word_1_258' title='bbox 2271 4287 2381 4363; x_wconf 87' lang='lat' dir='ltr'><strong>sit,</strong></span> <span class='ocrx_word' id='word_1_259' title='bbox 2428 4286 2587 4369; x_wconf 86' lang='lat' dir='ltr'><strong>quid</strong></span> <span class='ocrx_word' id='word_1_260' title='bbox 2635 4286 2895 4351; x_wconf 89' lang='lat' dir='ltr'><strong>intersit</strong></span> 
     </span>
     <span class='ocr_line' id='line_1_36' title="bbox 924 4366 2894 4457; baseline 0.003 -25"><span class='ocrx_word' id='word_1_261' title='bbox 924 4369 1097 4432; x_wconf 87' lang='lat' dir='ltr'><strong>inter</strong></span> <span class='ocrx_word' id='word_1_262' title='bbox 1151 4366 1458 4452; x_wconf 85' lang='lat' dir='ltr'><strong>politicas</strong></span> <span class='ocrx_word' id='word_1_263' title='bbox 1503 4367 1729 4453; x_wconf 82' lang='lat' dir='ltr'><strong>Leges</strong></span> <span class='ocrx_word' id='word_1_264' title='bbox 1796 4381 1864 4434; x_wconf 91' lang='lat' dir='ltr'><strong>et</strong></span> <span class='ocrx_word' id='word_1_265' title='bbox 1928 4369 2233 4434; x_wconf 79' lang='lat' dir='ltr'><strong>divinam.</strong></span> <span class='ocrx_word' id='word_1_266' title='bbox 2324 4368 2494 4436; x_wconf 91' lang='lat' dir='ltr'><strong>Voci</strong></span> <span class='ocrx_word' id='word_1_267' title='bbox 2539 4368 2894 4457; x_wconf 83' lang='lat' dir='ltr'><strong>Magistra·</strong></span> 
     </span>
     <span class='ocr_line' id='line_1_37' title="bbox 925 4452 2894 4523; baseline 0.003 -5"><span class='ocrx_word' id='word_1_268' title='bbox 925 4463 1111 4520; x_wconf 89' lang='lat' dir='ltr'><strong>tuum</strong></span> <span class='ocrx_word' id='word_1_269' title='bbox 1157 4452 1491 4521; x_wconf 75' lang='lat' dir='ltr'><strong>satisfacit</strong></span> <span class='ocrx_word' id='word_1_270' title='bbox 1533 4468 1808 4520; x_wconf 80' lang='lat' dir='ltr'><strong>externa</strong></span> <span class='ocrx_word' id='word_1_271' title='bbox 1851 4457 2260 4521; x_wconf 82' lang='lat' dir='ltr'><strong>obedientia:</strong></span> <span class='ocrx_word' id='word_1_272' title='bbox 2316 4458 2447 4522; x_wconf 86' lang='lat' dir='ltr'><strong>Sed</strong></span> <span class='ocrx_word' id='word_1_273' title='bbox 2490 4456 2631 4520; x_wconf 85' lang='lat' dir='ltr'><strong>Lex</strong></span> <span class='ocrx_word' id='word_1_274' title='bbox 2669 4458 2894 4523; x_wconf 86' lang='lat' dir='ltr'><strong>divina</strong></span> 
     </span>
     <span class='ocr_line' id='line_1_38' title="bbox 924 4540 2888 4626; baseline 0.002 -22"><span class='ocrx_word' id='word_1_275' title='bbox 924 4550 1030 4604; x_wconf 71' lang='lat' dir='ltr'><strong>est</strong></span> <span class='ocrx_word' id='word_1_276' title='bbox 1072 4540 1377 4605; x_wconf 87' lang='lat' dir='ltr'><strong>iudicium</strong></span> <span class='ocrx_word' id='word_1_277' title='bbox 1426 4553 1663 4607; x_wconf 81' lang='lat' dir='ltr'><strong>eontra</strong></span> <span class='ocrx_word' id='word_1_278' title='bbox 1704 4555 2051 4626; x_wconf 87' lang='lat' dir='ltr'><strong>peccatum</strong></span> <span class='ocrx_word' id='word_1_279' title='bbox 2087 4542 2152 4606; x_wconf 94' lang='lat' dir='ltr'><strong>in</strong></span> <span class='ocrx_word' id='word_1_280' title='bbox 2190 4553 2456 4622; x_wconf 89' lang='lat' dir='ltr'><strong>natura,</strong></span> <span class='ocrx_word' id='word_1_281' title='bbox 2501 4545 2888 4622; x_wconf 83' lang='lat' dir='ltr'><strong>ostendens,</strong></span> 
     </span>
     <span class='ocr_line' id='line_1_39' title="bbox 923 4624 2892 4715; baseline 0.002 -24"><span class='ocrx_word' id='word_1_282' title='bbox 923 4624 1146 4713; x_wconf 82' lang='lat' dir='ltr'><strong>qualis</strong></span> <span class='ocrx_word' id='word_1_283' title='bbox 1194 4645 1352 4692; x_wconf 90' lang='lat' dir='ltr'><strong>esse</strong></span> <span class='ocrx_word' id='word_1_284' title='bbox 1418 4629 1660 4694; x_wconf 85' lang='lat' dir='ltr'><strong>debeat</strong></span> <span class='ocrx_word' id='word_1_285' title='bbox 1723 4627 1948 4694; x_wconf 87' lang='lat' dir='ltr'><strong>homo.</strong></span> <span class='ocrx_word' id='word_1_286' title='bbox 2037 4628 2182 4694; x_wconf 88' lang='lat' dir='ltr'><strong>Nec</strong></span> <span class='ocrx_word' id='word_1_287' title='bbox 2247 4639 2502 4695; x_wconf 88' lang='lat' dir='ltr'><strong>tantum</strong></span> <span class='ocrx_word' id='word_1_288' title='bbox 2564 4632 2892 4715; x_wconf 78' lang='lat' dir='ltr'><strong>praecipit</strong></span> 
     </span>
    </p>
   </div>
   <div class='ocr_carea' id='block_1_12' title="bbox 923 4709 2944 4801">
    <p class='ocr_par' dir='ltr' id='par_1_12' title="bbox 923 4709 2944 4801">
     <span class='ocr_line' id='line_1_40' title="bbox 923 4709 2944 4801; baseline 0.002 -23"><span class='ocrx_word' id='word_1_289' title='bbox 923 4723 1201 4778; x_wconf 83' lang='lat' dir='ltr'><strong>externa</strong></span> <span class='ocrx_word' id='word_1_290' title='bbox 1245 4709 1451 4793; x_wconf 83' lang='lat' dir='ltr'><strong>facta,</strong></span> <span class='ocrx_word' id='word_1_291' title='bbox 1498 4735 1626 4782; x_wconf 90' lang='lat' dir='ltr'><strong>nee</strong></span> <span class='ocrx_word' id='word_1_292' title='bbox 1670 4713 2006 4781; x_wconf 65' lang='lat' dir='ltr'><strong>satisfacit</strong></span> <span class='ocrx_word' id='word_1_293' title='bbox 2040 4714 2208 4801; x_wconf 88' lang='lat' dir='ltr'><strong>Legi</strong></span> <span class='ocrx_word' id='word_1_294' title='bbox 2241 4712 2374 4781; x_wconf 89' lang='lat' dir='ltr'><strong>Dei</strong></span> <span class='ocrx_word' id='word_1_295' title='bbox 2416 4728 2689 4782; x_wconf 76' lang='lat' dir='ltr'><strong>externa</strong></span> <span class='ocrx_word' id='word_1_296' title='bbox 2732 4719 2892 4782; x_wconf 88' lang='lat' dir='ltr'><strong>obe·</strong></span> <span class='ocrx_word' id='word_1_297' title='bbox 2941 4749 2944 4752; x_wconf 53' lang='lat'><em>&gt;</em></span> 
     </span>
    </p>
   </div>
   <div class='ocr_carea' id='block_1_13' title="bbox 921 4799 1189 4866">
    <p class='ocr_par' dir='ltr' id='par_1_13' title="bbox 921 4799 1189 4866">
     <span class='ocr_line' id='line_1_41' title="bbox 921 4799 1189 4866; baseline -0.007 0"><span class='ocrx_word' id='word_1_298' title='bbox 921 4799 1189 4866; x_wconf 84' lang='lat' dir='ltr'><strong>dientia.</strong></span> 
     </span>
    </p>
   </div>
   <div class='ocr_carea' id='block_1_14' title="bbox 918 4969 2890 5385">
    <p class='ocr_par' dir='ltr' id='par_1_14' title="bbox 918 4969 2890 5385">
     <span class='ocr_line' id='line_1_42' title="bbox 1091 4969 2889 5059; baseline 0.001 -23"><span class='ocrx_word' id='word_1_299' title='bbox 1091 4969 1183 5036; x_wconf 91' lang='lat' dir='ltr'><strong>Ut</strong></span> <span class='ocrx_word' id='word_1_300' title='bbox 1248 4979 1470 5037; x_wconf 88' lang='lat' dir='ltr'><strong>autem</strong></span> <span class='ocrx_word' id='word_1_301' title='bbox 1525 4970 1839 5037; x_wconf 89' lang='lat' dir='ltr'><strong>voluntas</strong></span> <span class='ocrx_word' id='word_1_302' title='bbox 1893 4972 2184 5039; x_wconf 87' lang='lat' dir='ltr'><strong>humana</strong></span> <span class='ocrx_word' id='word_1_303' title='bbox 2238 4993 2373 5037; x_wconf 89' lang='lat' dir='ltr'><strong>non</strong></span> <span class='ocrx_word' id='word_1_304' title='bbox 2414 4982 2642 5059; x_wconf 85' lang='lat' dir='ltr'><strong>potest</strong></span> <span class='ocrx_word' id='word_1_305' title='bbox 2686 4972 2889 5058; x_wconf 88' lang='lat' dir='ltr'><strong>depo·</strong></span> 
     </span>
     <span class='ocr_line' id='line_1_43' title="bbox 920 5059 2888 5145; baseline 0.001 -22"><span class='ocrx_word' id='word_1_306' title='bbox 920 5078 1084 5125; x_wconf 86' lang='lat' dir='ltr'><strong>nere</strong></span> <span class='ocrx_word' id='word_1_307' title='bbox 1127 5069 1433 5135; x_wconf 88' lang='lat' dir='ltr'><strong>mortem,</strong></span> <span class='ocrx_word' id='word_1_308' title='bbox 1487 5059 1576 5123; x_wconf 91' lang='lat' dir='ltr'><strong>ita</strong></span> <span class='ocrx_word' id='word_1_309' title='bbox 1622 5077 1747 5122; x_wconf 90' lang='lat' dir='ltr'><strong>nec</strong></span> <span class='ocrx_word' id='word_1_310' title='bbox 1791 5060 2130 5144; x_wconf 84' lang='lat' dir='ltr'><strong>deponere</strong></span> <span class='ocrx_word' id='word_1_311' title='bbox 2194 5071 2415 5145; x_wconf 80' lang='lat' dir='ltr'><strong>potest</strong></span> <span class='ocrx_word' id='word_1_312' title='bbox 2457 5060 2600 5124; x_wconf 90' lang='lat' dir='ltr'><strong>suis</strong></span> <span class='ocrx_word' id='word_1_313' title='bbox 2632 5060 2888 5124; x_wconf 86' lang='lat' dir='ltr'><strong>viribus</strong></span> 
     </span>
     <span class='ocr_line' id='line_1_44' title="bbox 919 5144 2890 5250; baseline 0.001 -41"><span class='ocrx_word' id='word_1_314' title='bbox 919 5146 1318 5250; x_wconf 82' lang='lat' dir='ltr'><strong>pravitatem</strong></span> <span class='ocrx_word' id='word_1_315' title='bbox 1369 5145 1720 5210; x_wconf 88' lang='lat' dir='ltr'><strong>nobiscum</strong></span> <span class='ocrx_word' id='word_1_316' title='bbox 1771 5160 2181 5213; x_wconf 88' lang='lat' dir='ltr'><strong>nascentem.</strong></span> <span class='ocrx_word' id='word_1_317' title='bbox 2281 5144 2365 5210; x_wconf 83' lang='lat' dir='ltr'><strong>Et</strong></span> <span class='ocrx_word' id='word_1_318' title='bbox 2430 5165 2691 5230; x_wconf 86' lang='lat' dir='ltr'><strong>semper</strong></span> <span class='ocrx_word' id='word_1_319' title='bbox 2733 5157 2890 5212; x_wconf 88' lang='lat' dir='ltr'><strong>sunt</strong></span> 
     </span>
     <span class='ocr_line' id='line_1_45' title="bbox 918 5230 2889 5311; baseline 0.001 -15"><span class='ocrx_word' id='word_1_320' title='bbox 918 5252 986 5296; x_wconf 80' lang='lat' dir='ltr'><strong>tn</strong></span> <span class='ocrx_word' id='word_1_321' title='bbox 1031 5252 1168 5298; x_wconf 88' lang='lat' dir='ltr'><strong>non</strong></span> <span class='ocrx_word' id='word_1_322' title='bbox 1213 5233 1462 5297; x_wconf 89' lang='lat' dir='ltr'><strong>renatis</strong></span> <span class='ocrx_word' id='word_1_323' title='bbox 1507 5230 1886 5295; x_wconf 82' lang='lat' dir='ltr'><strong>horrendae</strong></span> <span class='ocrx_word' id='word_1_324' title='bbox 1946 5234 2394 5298; x_wconf 78' lang='lat' dir='ltr'><strong>dubitationes</strong></span> <span class='ocrx_word' id='word_1_325' title='bbox 2452 5233 2536 5296; x_wconf 88' lang='lat' dir='ltr'><strong>de</strong></span> <span class='ocrx_word' id='word_1_326' title='bbox 2580 5231 2756 5311; x_wconf 88' lang='lat' dir='ltr'><strong>Deo,</strong></span> <span class='ocrx_word' id='word_1_327' title='bbox 2821 5244 2889 5298; x_wconf 90' lang='lat' dir='ltr'><strong>et</strong></span> 
     </span>
     <span class='ocr_line' id='line_1_46' title="bbox 919 5316 2548 5385; baseline 0 -3"><span class='ocrx_word' id='word_1_328' title='bbox 919 5316 1337 5385; x_wconf 85' lang='lat' dir='ltr'><strong>inordinatae</strong></span> <span class='ocrx_word' id='word_1_329' title='bbox 1379 5318 1690 5384; x_wconf 85' lang='lat' dir='ltr'><strong>flammae</strong></span> <span class='ocrx_word' id='word_1_330' title='bbox 1735 5317 2127 5385; x_wconf 81' lang='lat' dir='ltr'><strong>vitiosorum</strong></span> <span class='ocrx_word' id='word_1_331' title='bbox 2167 5319 2548 5384; x_wconf 82' lang='lat' dir='ltr'><strong>affectuum.</strong></span> 
     </span>
    </p>
   </div>
   <div class='ocr_carea' id='block_1_15' title="bbox 2022 5488 2889 5574">
    <p class='ocr_par' dir='ltr' id='par_1_15' title="bbox 2022 5488 2889 5574">
     <span class='ocr_line' id='line_1_47' title="bbox 2022 5488 2889 5574; baseline 0.001 -21"><span class='ocrx_word' id='word_1_332' title='bbox 2022 5491 2130 5555; x_wconf 88' lang='lat' dir='ltr'><strong>uid</strong></span> <span class='ocrx_word' id='word_1_333' title='bbox 2188 5500 2257 5554; x_wconf 90' lang='lat' dir='ltr'><strong>et</strong></span> <span class='ocrx_word' id='word_1_334' title='bbox 2301 5500 2617 5574; x_wconf 89' lang='lat' dir='ltr'><strong>quantum</strong></span> <span class='ocrx_word' id='word_1_335' title='bbox 2661 5488 2889 5556; x_wconf 79' lang='lat' dir='ltr'><strong>facere</strong></span> 
     </span>
    </p>
   </div>
   <div class='ocr_carea' id='block_1_16' title="bbox 1093 5487 2888 5661">
    <p class='ocr_par' dir='ltr' id='par_1_16' title="bbox 1093 5487 2888 5661">
     <span class='ocr_line' id='line_1_48' title="bbox 1093 5487 2888 5661; baseline 0.002 -107"><span class='ocrx_word' id='word_1_336' title='bbox 1093 5487 1473 5577; x_wconf 81' lang='lat' dir='ltr'><strong>Disputatio</strong></span> <span class='ocrx_word' id='word_1_337' title='bbox 1521 5501 1626 5558; x_wconf 82' lang='lat' dir='ltr'><strong>est</strong></span> <span class='ocrx_word' id='word_1_338' title='bbox 1679 5490 1910 5578; x_wconf 83' lang='lat' dir='ltr'><strong>igitur,</strong></span> <span class='ocrx_word' id='word_1_339' title='bbox 2083 5595 2124 5642; x_wconf 65' lang='grc' dir='ltr'><strong>ο</strong></span> <span class='ocrx_word' id='word_1_340' title='bbox 2161 5575 2445 5661; x_wconf 61' lang='lat' dir='ltr'><strong>primm</strong></span> <span class='ocrx_word' id='word_1_341' title='bbox 2485 5571 2888 5661; x_wconf 50' lang='lat' dir='ltr'><strong>respondeo·</strong></span> 
     </span>
    </p>
   </div>
   <div class='ocr_carea' id='block_1_17' title="bbox 918 5574 1910 5665">
    <p class='ocr_par' dir='ltr' id='par_1_17' title="bbox 918 5574 1910 5665">
     <span class='ocr_line' id='line_1_49' title="bbox 918 5574 1910 5665; baseline 0.005 -22"><span class='ocrx_word' id='word_1_342' title='bbox 918 5574 1208 5644; x_wconf 84' lang='lat' dir='ltr'><strong>humana</strong></span> <span class='ocrx_word' id='word_1_343' title='bbox 1290 5576 1600 5645; x_wconf 81' lang='lat' dir='ltr'><strong>voluntas</strong></span> <span class='ocrx_word' id='word_1_344' title='bbox 1644 5577 1910 5665; x_wconf 66' lang='lat' dir='ltr'><strong>possit?</strong></span> 
     </span>
    </p>
   </div>
   <div class='ocr_carea' id='block_1_18' title="bbox 2996 1011 4978 2136">
    <p class='ocr_par' dir='ltr' id='par_1_18' title="bbox 2996 1011 4978 2136">
     <span class='ocr_line' id='line_1_50' title="bbox 2999 1011 4973 1103; baseline 0 -19"><span class='ocrx_word' id='word_1_345' title='bbox 2999 1028 3157 1103; x_wconf 89' lang='lat' dir='ltr'><strong>post</strong></span> <span class='ocrx_word' id='word_1_346' title='bbox 3220 1013 3483 1102; x_wconf 88' lang='lat' dir='ltr'><strong>lapsum</strong></span> <span class='ocrx_word' id='word_1_347' title='bbox 3543 1011 3752 1082; x_wconf 83' lang='lat' dir='ltr'><strong>libere</strong></span> <span class='ocrx_word' id='word_1_348' title='bbox 3814 1035 4022 1103; x_wconf 84' lang='lat' dir='ltr'><strong>posse</strong></span> <span class='ocrx_word' id='word_1_349' title='bbox 4088 1019 4269 1084; x_wconf 86' lang='lat' dir='ltr'><strong>ciere</strong></span> <span class='ocrx_word' id='word_1_350' title='bbox 4321 1014 4825 1099; x_wconf 85' lang='lat' dir='ltr'><strong>loeomotivam,</strong></span> <span class='ocrx_word' id='word_1_351' title='bbox 4900 1015 4973 1084; x_wconf 86' lang='lat' dir='ltr'><strong>id</strong></span> 
     </span>
     <span class='ocr_line' id='line_1_51' title="bbox 3000 1104 4975 1276; baseline 0.001 -22"><span class='ocrx_word' id='word_1_352' title='bbox 3000 1104 4642 1269; x_wconf 47' lang='lat' dir='ltr'><strong>Zianssifflffimffimeaffssmgss‘ssssoss&#39;ssffiff</strong></span> <span class='ocrx_word' id='word_1_353' title='bbox 4656 1113 4975 1276; x_wconf 52' lang='lat' dir='ltr'><strong>’952²‘AE</strong></span> 
     </span>
     <span class='ocr_line' id='line_1_52' title="bbox 3000 1270 4969 1363; baseline 0.002 -24"><span class='ocrx_word' id='word_1_354' title='bbox 3000 1275 3253 1340; x_wconf 85' lang='lat' dir='ltr'><strong>viribus</strong></span> <span class='ocrx_word' id='word_1_355' title='bbox 3307 1270 3533 1360; x_wconf 88' lang='lat' dir='ltr'><strong>aliquo</strong></span> <span class='ocrx_word' id='word_1_356' title='bbox 3594 1274 3795 1340; x_wconf 90' lang='lat' dir='ltr'><strong>modo</strong></span> <span class='ocrx_word' id='word_1_357' title='bbox 3857 1286 4136 1340; x_wconf 81' lang='lat' dir='ltr'><strong>externa</strong></span> <span class='ocrx_word' id='word_1_358' title='bbox 4179 1274 4386 1363; x_wconf 83' lang='lat' dir='ltr'><strong>Legis</strong></span> <span class='ocrx_word' id='word_1_359' title='bbox 4714 1273 4969 1352; x_wconf 74' lang='lat' dir='ltr'><strong>facere.</strong></span> 
     </span>
     <span class='ocr_line' id='line_1_53' title="bbox 2997 1356 4974 1449; baseline 0.002 -24"><span class='ocrx_word' id='word_1_360' title='bbox 2997 1358 3185 1426; x_wconf 81' lang='lat' dir='ltr'><strong>Haec</strong></span> <span class='ocrx_word' id='word_1_361' title='bbox 3228 1371 3331 1425; x_wconf 88' lang='lat' dir='ltr'><strong>est</strong></span> <span class='ocrx_word' id='word_1_362' title='bbox 3376 1359 3655 1426; x_wconf 87' lang='lat' dir='ltr'><strong>libertas</strong></span> <span class='ocrx_word' id='word_1_363' title='bbox 3698 1356 4085 1439; x_wconf 85' lang='lat' dir='ltr'><strong>voluntatis,</strong></span> <span class='ocrx_word' id='word_1_364' title='bbox 4130 1382 4325 1449; x_wconf 83' lang='lat' dir='ltr'><strong>quam</strong></span> <span class='ocrx_word' id='word_1_365' title='bbox 4352 1358 4747 1448; x_wconf 80' lang='lat' dir='ltr'><strong>Philosophi</strong></span> <span class='ocrx_word' id='word_1_366' title='bbox 4782 1372 4974 1428; x_wconf 84' lang='lat' dir='ltr'><strong>recte</strong></span> 
     </span>
     <span class='ocr_line' id='line_1_54' title="bbox 2997 1444 4974 1535; baseline 0.002 -24"><span class='ocrx_word' id='word_1_367' title='bbox 2997 1447 3300 1512; x_wconf 90' lang='lat' dir='ltr'><strong>tribuunt</strong></span> <span class='ocrx_word' id='word_1_368' title='bbox 3339 1444 3627 1525; x_wconf 89' lang='lat' dir='ltr'><strong>homini,</strong></span> <span class='ocrx_word' id='word_1_369' title='bbox 3692 1458 3761 1511; x_wconf 89' lang='lat' dir='ltr'><strong>et</strong></span> <span class='ocrx_word' id='word_1_370' title='bbox 3802 1445 3974 1513; x_wconf 89' lang='lat' dir='ltr'><strong>haec</strong></span> <span class='ocrx_word' id='word_1_371' title='bbox 4014 1459 4294 1514; x_wconf 81' lang='lat' dir='ltr'><strong>externa</strong></span> <span class='ocrx_word' id='word_1_372' title='bbox 4337 1448 4717 1526; x_wconf 87' lang='lat' dir='ltr'><strong>obedientia</strong></span> <span class='ocrx_word' id='word_1_373' title='bbox 4759 1467 4974 1535; x_wconf 80' lang='lat' dir='ltr'><strong>saepe</strong></span> 
     </span>
     <span class='ocr_line' id='line_1_55' title="bbox 3000 1529 4975 1622; baseline 0.002 -25"><span class='ocrx_word' id='word_1_374' title='bbox 3000 1533 3378 1598; x_wconf 82' lang='lat' dir='ltr'><strong>nominatur</strong></span> <span class='ocrx_word' id='word_1_375' title='bbox 3433 1529 3787 1618; x_wconf 86' lang='lat' dir='ltr'><strong>disciplina</strong></span> <span class='ocrx_word' id='word_1_376' title='bbox 3850 1551 3974 1599; x_wconf 86' lang='lat' dir='ltr'><strong>seu</strong></span> <span class='ocrx_word' id='word_1_377' title='bbox 4037 1534 4483 1622; x_wconf 82' lang='lat' dir='ltr'><strong>paedagogia,</strong></span> <span class='ocrx_word' id='word_1_378' title='bbox 4550 1555 4749 1621; x_wconf 85' lang='lat' dir='ltr'><strong>quam</strong></span> <span class='ocrx_word' id='word_1_379' title='bbox 4806 1536 4975 1602; x_wconf 86' lang='lat' dir='ltr'><strong>dici-</strong></span> 
     </span>
     <span class='ocr_line' id='line_1_56' title="bbox 2997 1615 4977 1723; baseline 0.002 -38"><span class='ocrx_word' id='word_1_380' title='bbox 2997 1638 3145 1685; x_wconf 84' lang='lat' dir='ltr'><strong>mus</strong></span> <span class='ocrx_word' id='word_1_381' title='bbox 3187 1618 3255 1683; x_wconf 89' lang='lat' dir='ltr'><strong>iu</strong></span> <span class='ocrx_word' id='word_1_382' title='bbox 3297 1629 3635 1703; x_wconf 83' lang='lat' dir='ltr'><strong>potestate</strong></span> <span class='ocrx_word' id='word_1_383' title='bbox 3677 1616 4043 1685; x_wconf 84' lang='lat' dir='ltr'><strong>voluntatis</strong></span> <span class='ocrx_word' id='word_1_384' title='bbox 4100 1615 4328 1723; x_wconf 71' lang='lat' dir='ltr'><strong>aliquo</strong></span> <span class='ocrx_word' id='word_1_385' title='bbox 4380 1621 4584 1687; x_wconf 86' lang='lat' dir='ltr'><strong>modo</strong></span> <span class='ocrx_word' id='word_1_386' title='bbox 4644 1639 4837 1699; x_wconf 75' lang='lat' dir='ltr'><strong>esse,</strong></span> <span class='ocrx_word' id='word_1_387' title='bbox 4894 1631 4977 1688; x_wconf 87' lang='lat' dir='ltr'><strong>ut</strong></span> 
     </span>
     <span class='ocr_line' id='line_1_57' title="bbox 2998 1702 4978 1811; baseline 0.003 -43"><span class='ocrx_word' id='word_1_388' title='bbox 2998 1705 3233 1771; x_wconf 85' lang='lat' dir='ltr'><strong>sitiens</strong></span> <span class='ocrx_word' id='word_1_389' title='bbox 3274 1715 3500 1790; x_wconf 87' lang='lat' dir='ltr'><strong>potest</strong></span> <span class='ocrx_word' id='word_1_390' title='bbox 3541 1706 3866 1811; x_wconf 79' lang='lat' dir='ltr'><strong>imperare</strong></span> <span class='ocrx_word' id='word_1_391' title='bbox 3906 1702 4354 1772; x_wconf 77' lang='lat' dir='ltr'><strong>locomotivae</strong></span> <span class='ocrx_word' id='word_1_392' title='bbox 4393 1717 4468 1772; x_wconf 90' lang='lat' dir='ltr'><strong>ut</strong></span> <span class='ocrx_word' id='word_1_393' title='bbox 4500 1725 4737 1773; x_wconf 87' lang='lat' dir='ltr'><strong>manus</strong></span> <span class='ocrx_word' id='word_1_394' title='bbox 4770 1707 4978 1788; x_wconf 85' lang='lat' dir='ltr'><strong>cieat,</strong></span> 
     </span>
     <span class='ocr_line' id='line_1_58' title="bbox 2996 1787 4976 1964; baseline 0.001 -23"><span class='ocrx_word' id='word_1_395' title='bbox 2996 1810 3172 1942; x_wconf 67' lang='lat'>33:5³</span> <span class='ocrx_word' id='word_1_396' title='bbox 3193 1810 3301 1941; x_wconf 63' lang='lat'><strong>1¹3:</strong></span> <span class='ocrx_word' id='word_1_397' title='bbox 3306 1787 3671 1964; x_wconf 52' lang='lat' dir='ltr'><strong>⁰:¹32&amp;ss</strong></span> <span class='ocrx_word' id='word_1_398' title='bbox 3693 1791 4440 1964; x_wconf 52' lang='lat' dir='ltr'><strong>eidffiifflss’pssfflt‘</strong></span> <span class='ocrx_word' id='word_1_399' title='bbox 4458 1879 4529 1944; x_wconf 73' lang='grc' dir='ltr'><strong>ι..</strong></span> <span class='ocrx_word' id='word_1_400' title='bbox 4604 1793 4817 1944; x_wconf 65' lang='grc' dir='ltr'>ῗζξῗιὶ</span> <span class='ocrx_word' id='word_1_401' title='bbox 4831 1811 4976 1943; x_wconf 70' lang='grc' dir='ltr'><strong>’ἔίἒῖ</strong></span> 
     </span>
     <span class='ocr_line' id='line_1_59' title="bbox 3000 1958 4976 2050; baseline 0.003 -25"><span class='ocrx_word' id='word_1_402' title='bbox 3000 1982 3240 2049; x_wconf 82' lang='lat' dir='ltr'><strong>perare</strong></span> <span class='ocrx_word' id='word_1_403' title='bbox 3288 1958 3761 2044; x_wconf 84' lang='lat' dir='ltr'><strong>locomotivae,</strong></span> <span class='ocrx_word' id='word_1_404' title='bbox 3824 1974 3900 2028; x_wconf 91' lang='lat' dir='ltr'><strong>ut</strong></span> <span class='ocrx_word' id='word_1_405' title='bbox 3945 1965 4259 2050; x_wconf 86' lang='lat' dir='ltr'><strong>reprimat</strong></span> <span class='ocrx_word' id='word_1_406' title='bbox 4306 1984 4575 2048; x_wconf 30' lang='lat' dir='ltr'><strong>manus,-</strong></span> <span class='ocrx_word' id='word_1_407' title='bbox 4628 1984 4717 2030; x_wconf 86' lang='lat' dir='ltr'><strong>ne</strong></span> <span class='ocrx_word' id='word_1_408' title='bbox 4766 1965 4976 2030; x_wconf 83' lang='lat' dir='ltr'><strong>atrin-</strong></span> 
     </span>
     <span class='ocr_line' id='line_1_60' title="bbox 3001 2044 4505 2136; baseline 0.001 -23"><span class='ocrx_word' id='word_1_409' title='bbox 3001 2059 3164 2136; x_wconf 88' lang='lat' dir='ltr'><strong>gant</strong></span> <span class='ocrx_word' id='word_1_410' title='bbox 3196 2044 3515 2135; x_wconf 78' lang='lat' dir='ltr'><strong>gladium.</strong></span> <span class='ocrx_word' id='word_1_411' title='bbox 4500 2066 4505 2070; x_wconf 88' lang='grc'><strong><em>·</em></strong></span> 
     </span>
    </p>
   </div>
   <div class='ocr_carea' id='block_1_19' title="bbox 2997 2175 4980 2616">
    <p class='ocr_par' dir='ltr' id='par_1_19' title="bbox 2997 2175 4980 2616">
     <span class='ocr_line' id='line_1_61' title="bbox 3170 2175 4979 2273; baseline 0.003 -24"><span class='ocrx_word' id='word_1_412' title='bbox 3170 2182 3363 2251; x_wconf 83' lang='lat' dir='ltr'><strong>Hanc</strong></span> <span class='ocrx_word' id='word_1_413' title='bbox 3427 2179 3801 2250; x_wconf 85' lang='lat' dir='ltr'><strong>libertatem</strong></span> <span class='ocrx_word' id='word_1_414' title='bbox 3858 2175 4025 2252; x_wconf 74' lang='lat' dir='ltr'><strong>&#39;esse</strong></span> <span class='ocrx_word' id='word_1_415' title='bbox 4085 2183 4410 2273; x_wconf 82' lang='lat' dir='ltr'><strong>reliquam</strong></span> <span class='ocrx_word' id='word_1_416' title='bbox 4476 2186 4542 2251; x_wconf 92' lang='lat' dir='ltr'><strong>in</strong></span> <span class='ocrx_word' id='word_1_417' title='bbox 4587 2185 4979 2254; x_wconf 84' lang='lat' dir='ltr'><strong>hominihus</strong></span> 
     </span>
     <span class='ocr_line' id='line_1_62' title="bbox 3000 2269 4980 2347; baseline 0.003 -12"><span class='ocrx_word' id='word_1_418' title='bbox 3000 2270 3194 2335; x_wconf 87' lang='lat' dir='ltr'><strong>etiam</strong></span> <span class='ocrx_word' id='word_1_419' title='bbox 3237 2270 3306 2335; x_wconf 87' lang='lat' dir='ltr'><strong>in</strong></span> <span class='ocrx_word' id='word_1_420' title='bbox 3339 2289 3478 2335; x_wconf 93' lang='lat' dir='ltr'><strong>non</strong></span> <span class='ocrx_word' id='word_1_421' title='bbox 3525 2271 3777 2336; x_wconf 86' lang='lat' dir='ltr'><strong>renatis</strong></span> <span class='ocrx_word' id='word_1_422' title='bbox 3812 2269 4231 2338; x_wconf 79' lang='lat' dir='ltr'><strong>manifestum</strong></span> <span class='ocrx_word' id='word_1_423' title='bbox 4268 2283 4399 2347; x_wconf 81' lang='lat' dir='ltr'><strong>est,</strong></span> <span class='ocrx_word' id='word_1_424' title='bbox 4445 2273 4621 2339; x_wconf 87' lang='lat' dir='ltr'><strong>sicut</strong></span> <span class='ocrx_word' id='word_1_425' title='bbox 4655 2284 4724 2338; x_wconf 88' lang='lat' dir='ltr'><strong>et</strong></span> <span class='ocrx_word' id='word_1_426' title='bbox 4759 2275 4980 2340; x_wconf 80' lang='lat' dir='ltr'><strong>verba</strong></span> 
     </span>
     <span class='ocr_line' id='line_1_63' title="bbox 2997 2353 4977 2444; baseline 0.002 -23"><span class='ocrx_word' id='word_1_427' title='bbox 2997 2354 3190 2422; x_wconf 84' lang='lat' dir='ltr'><strong>Pauli</strong></span> <span class='ocrx_word' id='word_1_428' title='bbox 3234 2353 3636 2444; x_wconf 85' lang='lat' dir='ltr'><strong>significant,</strong></span> <span class='ocrx_word' id='word_1_429' title='bbox 3693 2356 3805 2444; x_wconf 83' lang='lat' dir='ltr'><strong>qui</strong></span> <span class='ocrx_word' id='word_1_430' title='bbox 3850 2357 4144 2424; x_wconf 85' lang='lat' dir='ltr'><strong>nominat</strong></span> <span class='ocrx_word' id='word_1_431' title='bbox 4186 2359 4504 2424; x_wconf 86' lang='lat' dir='ltr'><strong>iustitiam</strong></span> <span class='ocrx_word' id='word_1_432' title='bbox 4548 2359 4776 2425; x_wconf 86' lang='lat' dir='ltr'><strong>carnis</strong></span> <span class='ocrx_word' id='word_1_433' title='bbox 4822 2379 4977 2426; x_wconf 81' lang='lat' dir='ltr'><strong>eam</strong></span> 
     </span>
     <span class='ocr_line' id='line_1_64' title="bbox 2997 2440 4975 2528; baseline 0.002 -20"><span class='ocrx_word' id='word_1_434' title='bbox 2997 2440 3440 2528; x_wconf 83' lang='lat' dir='ltr'><strong>disciplinam,</strong></span> <span class='ocrx_word' id='word_1_435' title='bbox 3498 2462 3698 2528; x_wconf 84' lang='lat' dir='ltr'><strong>quam</strong></span> <span class='ocrx_word' id='word_1_436' title='bbox 3735 2463 3937 2524; x_wconf 82' lang='lat' dir='ltr'><strong>caro,</strong></span> <span class='ocrx_word' id='word_1_437' title='bbox 3978 2444 4048 2509; x_wconf 89' lang='lat' dir='ltr'><strong>id</strong></span> <span class='ocrx_word' id='word_1_438' title='bbox 4092 2455 4220 2524; x_wconf 87' lang='lat' dir='ltr'><strong>est,</strong></span> <span class='ocrx_word' id='word_1_439' title='bbox 4265 2444 4468 2510; x_wconf 88' lang='lat' dir='ltr'><strong>homo</strong></span> <span class='ocrx_word' id='word_1_440' title='bbox 4510 2464 4647 2510; x_wconf 90' lang='lat' dir='ltr'><strong>non</strong></span> <span class='ocrx_word' id='word_1_441' title='bbox 4693 2457 4975 2511; x_wconf 82' lang='lat' dir='ltr'><strong>renatus</strong></span> 
     </span>
     <span class='ocr_line' id='line_1_65' title="bbox 2998 2524 4977 2616; baseline 0.003 -22"><span class='ocrx_word' id='word_1_442' title='bbox 2998 2524 3225 2596; x_wconf 81' lang='lat' dir='ltr'><strong>efficit.</strong></span> <span class='ocrx_word' id='word_1_443' title='bbox 3311 2527 3590 2594; x_wconf 84' lang='lat' dir='ltr'><strong>Fatetur</strong></span> <span class='ocrx_word' id='word_1_444' title='bbox 3630 2548 3799 2616; x_wconf 89' lang='lat' dir='ltr'><strong>ergo</strong></span> <span class='ocrx_word' id='word_1_445' title='bbox 3840 2530 3907 2595; x_wconf 92' lang='lat' dir='ltr'><strong>in</strong></span> <span class='ocrx_word' id='word_1_446' title='bbox 3951 2525 4219 2596; x_wconf 83' lang='lat' dir='ltr'><strong>homine</strong></span> <span class='ocrx_word' id='word_1_447' title='bbox 4262 2550 4397 2596; x_wconf 92' lang='lat' dir='ltr'><strong>non</strong></span> <span class='ocrx_word' id='word_1_448' title='bbox 4462 2543 4700 2596; x_wconf 87' lang='lat' dir='ltr'><strong>renato</strong></span> <span class='ocrx_word' id='word_1_449' title='bbox 4764 2527 4977 2602; x_wconf 78' lang='lat' dir='ltr'><strong>talem</strong></span> 
     </span>
    </p>
   </div>
   <div class='ocr_carea' id='block_1_20' title="bbox 2951 2611 4976 2706">
    <p class='ocr_par' dir='ltr' id='par_1_20' title="bbox 2951 2611 4976 2706">
     <span class='ocr_line' id='line_1_66' title="bbox 2951 2611 4976 2706; baseline 0.003 -29"><span class='ocrx_word' id='word_1_450' title='bbox 2951 2673 2954 2677; x_wconf 79' lang='grc'>,</span> <span class='ocrx_word' id='word_1_451' title='bbox 2995 2611 3378 2682; x_wconf 79' lang='lat' dir='ltr'><strong>facultatem</strong></span> <span class='ocrx_word' id='word_1_452' title='bbox 3423 2633 3605 2692; x_wconf 77' lang='lat' dir='ltr'><strong>esse,</strong></span> <span class='ocrx_word' id='word_1_453' title='bbox 3646 2615 3966 2681; x_wconf 67' lang='lat' dir='ltr'><strong>actiones</strong></span> <span class='ocrx_word' id='word_1_454' title='bbox 4012 2616 4494 2684; x_wconf 82' lang='lat' dir='ltr'><strong>convenientes</strong></span> <span class='ocrx_word' id='word_1_455' title='bbox 4534 2615 4707 2706; x_wconf 79' lang='lat' dir='ltr'><strong>Legi</strong></span> <span class='ocrx_word' id='word_1_456' title='bbox 4748 2628 4976 2683; x_wconf 83' lang='lat' dir='ltr'><strong>exter·</strong></span> 
     </span>
    </p>
   </div>
   <div class='ocr_carea' id='block_1_21' title="bbox 2996 2698 4023 2792">
    <p class='ocr_par' dir='ltr' id='par_1_21' title="bbox 2996 2698 4023 2792">
     <span class='ocr_line' id='line_1_67' title="bbox 2996 2698 4023 2792; baseline 0 -24"><span class='ocrx_word' id='word_1_457' title='bbox 2996 2721 3124 2768; x_wconf 83' lang='lat' dir='ltr'><strong>nas</strong></span> <span class='ocrx_word' id='word_1_458' title='bbox 3167 2698 3392 2792; x_wconf 77' lang='lat' dir='ltr'><strong>facere</strong></span> <span class='ocrx_word' id='word_1_459' title='bbox 3432 2712 3553 2767; x_wconf 87' lang='lat' dir='ltr'><strong>aut</strong></span> <span class='ocrx_word' id='word_1_460' title='bbox 3592 2720 3730 2767; x_wconf 90' lang='lat' dir='ltr'><strong>non</strong></span> <span class='ocrx_word' id='word_1_461' title='bbox 3771 2698 4023 2768; x_wconf 77' lang='lat' dir='ltr'><strong>facere.</strong></span> 
     </span>
    </p>
   </div>
   <div class='ocr_carea' id='block_1_22' title="bbox 2993 2830 4979 3249">
    <p class='ocr_par' dir='ltr' id='par_1_22' title="bbox 2993 2830 4979 3249">
     <span class='ocr_line' id='line_1_68' title="bbox 3040 2830 4978 2926; baseline 0.002 -24"><span class='ocrx_word' id='word_1_462' title='bbox 3040 2830 3048 2838; x_wconf 81' lang='grc'><strong>’</strong></span> <span class='ocrx_word' id='word_1_463' title='bbox 3166 2834 3403 2903; x_wconf 83' lang='lat' dir='ltr'><strong>Voluit</strong></span> <span class='ocrx_word' id='word_1_464' title='bbox 3444 2848 3666 2903; x_wconf 88' lang='lat' dir='ltr'><strong>autem</strong></span> <span class='ocrx_word' id='word_1_465' title='bbox 3705 2836 3897 2902; x_wconf 85' lang='lat' dir='ltr'><strong>Deus</strong></span> <span class='ocrx_word' id='word_1_466' title='bbox 3940 2834 4142 2903; x_wconf 85' lang='lat' dir='ltr'><strong>talem</strong></span> <span class='ocrx_word' id='word_1_467' title='bbox 4204 2833 4576 2905; x_wconf 83' lang='lat' dir='ltr'><strong>libertatem</strong></span> <span class='ocrx_word' id='word_1_468' title='bbox 4637 2837 4978 2926; x_wconf 86' lang='lat' dir='ltr'><strong>reliquam</strong></span> 
     </span>
     <span class='ocr_line' id='line_1_69' title="bbox 2996 2923 4973 3010; baseline 0.002 -21"><span class='ocrx_word' id='word_1_469' title='bbox 2996 2942 3154 2989; x_wconf 85' lang='lat' dir='ltr'><strong>esse</strong></span> <span class='ocrx_word' id='word_1_470' title='bbox 3196 2936 3474 3008; x_wconf 87' lang='lat' dir='ltr'><strong>propter</strong></span> <span class='ocrx_word' id='word_1_471' title='bbox 3510 2923 3676 2990; x_wconf 86' lang='lat' dir='ltr'><strong>duas</strong></span> <span class='ocrx_word' id='word_1_472' title='bbox 3721 2943 3992 3003; x_wconf 82' lang='lat' dir='ltr'><strong>causas,</strong></span> <span class='ocrx_word' id='word_1_473' title='bbox 4036 2923 4372 3004; x_wconf 86' lang='lat' dir='ltr'><strong>videlieet,</strong></span> <span class='ocrx_word' id='word_1_474' title='bbox 4427 2925 4708 3010; x_wconf 88' lang='lat' dir='ltr'><strong>primum</strong></span> <span class='ocrx_word' id='word_1_475' title='bbox 4748 2937 4827 2992; x_wconf 90' lang='lat' dir='ltr'><strong>ut</strong></span> <span class='ocrx_word' id='word_1_476' title='bbox 4870 2927 4973 2992; x_wconf 85' lang='lat' dir='ltr'><strong>in·</strong></span> 
     </span>
     <span class='ocr_line' id='line_1_70' title="bbox 2995 3008 4977 3099; baseline 0.002 -24"><span class='ocrx_word' id='word_1_477' title='bbox 2995 3008 3378 3098; x_wconf 85' lang='lat' dir='ltr'><strong>telligamus</strong></span> <span class='ocrx_word' id='word_1_478' title='bbox 3426 3008 3781 3075; x_wconf 84' lang='lat' dir='ltr'><strong>discrimen</strong></span> <span class='ocrx_word' id='word_1_479' title='bbox 3822 3010 3999 3075; x_wconf 91' lang='lat' dir='ltr'><strong>inter</strong></span> <span class='ocrx_word' id='word_1_480' title='bbox 4039 3030 4252 3099; x_wconf 85' lang='lat' dir='ltr'><strong>agens</strong></span> <span class='ocrx_word' id='word_1_481' title='bbox 4306 3008 4589 3076; x_wconf 82' lang='lat' dir='ltr'><strong>liberum</strong></span> <span class='ocrx_word' id='word_1_482' title='bbox 4642 3023 4712 3078; x_wconf 89' lang='lat' dir='ltr'><strong>et</strong></span> <span class='ocrx_word' id='word_1_483' title='bbox 4774 3025 4977 3078; x_wconf 82' lang='lat' dir='ltr'><strong>natu-</strong></span> 
     </span>
     <span class='ocr_line' id='line_1_71' title="bbox 2993 3092 4979 3249; baseline 0.003 -88"><span class='ocrx_word' id='word_1_484' title='bbox 2993 3094 3159 3249; x_wconf 49' lang='lat' dir='ltr'><strong>Rasse,</strong></span> <span class='ocrx_word' id='word_1_485' title='bbox 3222 3106 3291 3161; x_wconf 82' lang='lat' dir='ltr'><strong>et</strong></span> <span class='ocrx_word' id='word_1_486' title='bbox 3354 3097 3682 3166; x_wconf 82' lang='lat' dir='ltr'><strong>sciremus</strong></span> <span class='ocrx_word' id='word_1_487' title='bbox 3745 3097 3965 3181; x_wconf 87' lang='lat' dir='ltr'><strong>ipsum</strong></span> <span class='ocrx_word' id='word_1_488' title='bbox 4004 3092 4231 3165; x_wconf 87' lang='lat' dir='ltr'><strong>Deum</strong></span> <span class='ocrx_word' id='word_1_489' title='bbox 4295 3109 4451 3164; x_wconf 82' lang='lat' dir='ltr'><strong>esse</strong></span> <span class='ocrx_word' id='word_1_490' title='bbox 4506 3115 4720 3186; x_wconf 85' lang='lat' dir='ltr'><strong>agens</strong></span> <span class='ocrx_word' id='word_1_491' title='bbox 4760 3094 4979 3166; x_wconf 83' lang='lat' dir='ltr'><strong>liber-</strong></span> 
     </span>
    </p>

    <p class='ocr_par' dir='ltr' id='par_1_23' title="bbox 3116 3203 3250 3249">
     <span class='ocr_line' id='line_1_72' title="bbox 3116 3203 3250 3249; baseline 0 0"><span class='ocrx_word' id='word_1_492' title='bbox 3116 3203 3250 3249; x_wconf 90' lang='lat' dir='ltr'><strong>um.</strong></span> 
     </span>
    </p>
   </div>
   <div class='ocr_carea' id='block_1_23' title="bbox 2994 3335 4979 3855">
    <p class='ocr_par' dir='ltr' id='par_1_24' title="bbox 2994 3335 4979 3855">
     <span class='ocr_line' id='line_1_73' title="bbox 3166 3335 4979 3428; baseline 0.002 -26"><span class='ocrx_word' id='word_1_493' title='bbox 3166 3335 3431 3403; x_wconf 88' lang='lat' dir='ltr'><strong>Deinde</strong></span> <span class='ocrx_word' id='word_1_494' title='bbox 3490 3348 3568 3402; x_wconf 90' lang='lat' dir='ltr'><strong>ut</strong></span> <span class='ocrx_word' id='word_1_495' title='bbox 3644 3347 3964 3404; x_wconf 86' lang='lat' dir='ltr'><strong>externae</strong></span> <span class='ocrx_word' id='word_1_496' title='bbox 4040 3336 4375 3404; x_wconf 89' lang='lat' dir='ltr'><strong>hominum</strong></span> <span class='ocrx_word' id='word_1_497' title='bbox 4437 3339 4744 3406; x_wconf 83' lang='lat' dir='ltr'><strong>actiones</strong></span> <span class='ocrx_word' id='word_1_498' title='bbox 4820 3341 4979 3428; x_wconf 80' lang='lat' dir='ltr'><strong>regi</strong></span> 
     </span>
     <span class='ocr_line' id='line_1_74' title="bbox 2994 3422 4978 3511; baseline 0.002 -24"><span class='ocrx_word' id='word_1_499' title='bbox 2994 3436 3277 3511; x_wconf 86' lang='lat' dir='ltr'><strong>possent</strong></span> <span class='ocrx_word' id='word_1_500' title='bbox 3340 3424 3576 3489; x_wconf 90' lang='lat' dir='ltr'><strong>notitia</strong></span> <span class='ocrx_word' id='word_1_501' title='bbox 3640 3422 3866 3509; x_wconf 72' lang='lat' dir='ltr'><strong>Legis.</strong></span> <span class='ocrx_word' id='word_1_502' title='bbox 3955 3425 4103 3490; x_wconf 83' lang='lat' dir='ltr'><strong>Nec</strong></span> <span class='ocrx_word' id='word_1_503' title='bbox 4163 3437 4385 3490; x_wconf 88' lang='lat' dir='ltr'><strong>tamen</strong></span> <span class='ocrx_word' id='word_1_504' title='bbox 4450 3423 4623 3491; x_wconf 84' lang='lat' dir='ltr'><strong>haec</strong></span> <span class='ocrx_word' id='word_1_505' title='bbox 4686 3437 4978 3492; x_wconf 84' lang='lat' dir='ltr'><strong>externa</strong></span> 
     </span>
     <span class='ocr_line' id='line_1_75' title="bbox 2996 3506 4979 3598; baseline 0.002 -23"><span class='ocrx_word' id='word_1_506' title='bbox 2996 3511 3372 3578; x_wconf 86' lang='lat' dir='ltr'><strong>obedientia</strong></span> <span class='ocrx_word' id='word_1_507' title='bbox 3413 3506 3744 3576; x_wconf 76' lang='lat' dir='ltr'><strong>satisfacit</strong></span> <span class='ocrx_word' id='word_1_508' title='bbox 3788 3510 3952 3596; x_wconf 85' lang='lat' dir='ltr'><strong>Legi</strong></span> <span class='ocrx_word' id='word_1_509' title='bbox 3999 3509 4150 3592; x_wconf 90' lang='lat' dir='ltr'><strong>Dei,</strong></span> <span class='ocrx_word' id='word_1_510' title='bbox 4198 3531 4325 3575; x_wconf 90' lang='lat' dir='ltr'><strong>nec</strong></span> <span class='ocrx_word' id='word_1_511' title='bbox 4367 3521 4472 3576; x_wconf 84' lang='lat' dir='ltr'><strong>est</strong></span> <span class='ocrx_word' id='word_1_512' title='bbox 4515 3512 4787 3591; x_wconf 84' lang='lat' dir='ltr'><strong>iustitia,</strong></span> <span class='ocrx_word' id='word_1_513' title='bbox 4834 3532 4979 3598; x_wconf 84' lang='lat' dir='ltr'><strong>qua</strong></span> 
     </span>
     <span class='ocr_line' id='line_1_76' title="bbox 2994 3594 4978 3676; baseline 0.002 -15"><span class='ocrx_word' id='word_1_514' title='bbox 2994 3594 3197 3663; x_wconf 91' lang='lat' dir='ltr'><strong>homo</strong></span> <span class='ocrx_word' id='word_1_515' title='bbox 3243 3613 3471 3661; x_wconf 90' lang='lat' dir='ltr'><strong>coram</strong></span> <span class='ocrx_word' id='word_1_516' title='bbox 3508 3595 3658 3661; x_wconf 84' lang='lat' dir='ltr'><strong>Deo</strong></span> <span class='ocrx_word' id='word_1_517' title='bbox 3702 3598 3918 3662; x_wconf 85' lang='lat' dir='ltr'><strong>iustus</strong></span> <span class='ocrx_word' id='word_1_518' title='bbox 3964 3609 4112 3676; x_wconf 89' lang='lat' dir='ltr'><strong>est,</strong></span> <span class='ocrx_word' id='word_1_519' title='bbox 4178 3616 4308 3662; x_wconf 89' lang='lat' dir='ltr'><strong>nec</strong></span> <span class='ocrx_word' id='word_1_520' title='bbox 4350 3608 4457 3662; x_wconf 87' lang='lat' dir='ltr'><strong>est</strong></span> <span class='ocrx_word' id='word_1_521' title='bbox 4500 3598 4807 3664; x_wconf 87' lang='lat' dir='ltr'><strong>meritum</strong></span> <span class='ocrx_word' id='word_1_522' title='bbox 4866 3619 4978 3665; x_wconf 89' lang='lat' dir='ltr'><strong>re·</strong></span> 
     </span>
     <span class='ocr_line' id='line_1_77' title="bbox 2996 3681 4979 3771; baseline 0.002 -23"><span class='ocrx_word' id='word_1_523' title='bbox 2996 3682 3334 3748; x_wconf 89' lang='lat' dir='ltr'><strong>missionis</strong></span> <span class='ocrx_word' id='word_1_524' title='bbox 3385 3692 3836 3767; x_wconf 86' lang='lat' dir='ltr'><strong>peecatorum.</strong></span> <span class='ocrx_word' id='word_1_525' title='bbox 3936 3682 4093 3748; x_wconf 83' lang='lat' dir='ltr'><strong>ideo</strong></span> <span class='ocrx_word' id='word_1_526' title='bbox 4151 3682 4418 3749; x_wconf 80' lang='lat' dir='ltr'><strong>dicitur:</strong></span> <span class='ocrx_word' id='word_1_527' title='bbox 4456 3681 4586 3771; x_wconf 58' lang='lat' dir='ltr'><strong>„Ex</strong></span> <span class='ocrx_word' id='word_1_528' title='bbox 4648 3686 4979 3770; x_wconf 82' lang='lat' dir='ltr'><strong>operibus</strong></span> 
     </span>
     <span class='ocr_line' id='line_1_78' title="bbox 2998 3764 4973 3855; baseline 0.002 -23"><span class='ocrx_word' id='word_1_529' title='bbox 2998 3768 3203 3855; x_wconf 87' lang='lat' dir='ltr'><strong>Legis</strong></span> <span class='ocrx_word' id='word_1_530' title='bbox 3269 3788 3405 3832; x_wconf 87' lang='lat' dir='ltr'><strong>non</strong></span> <span class='ocrx_word' id='word_1_531' title='bbox 3471 3764 3935 3833; x_wconf 80' lang='lat' dir='ltr'><strong>iustificabitur</strong></span> <span class='ocrx_word' id='word_1_532' title='bbox 4000 3788 4227 3834; x_wconf 87' lang='lat' dir='ltr'><strong>coram</strong></span> <span class='ocrx_word' id='word_1_533' title='bbox 4270 3767 4423 3834; x_wconf 88' lang='lat' dir='ltr'><strong>Deo</strong></span> <span class='ocrx_word' id='word_1_534' title='bbox 4491 3771 4707 3835; x_wconf 89' lang='lat' dir='ltr'><strong>omnis</strong></span> <span class='ocrx_word' id='word_1_535' title='bbox 4778 3789 4973 3836; x_wconf 81' lang='lat' dir='ltr'><strong>caro.</strong></span> 
     </span>
    </p>
   </div>
   <div class='ocr_carea' id='block_1_24' title="bbox 2951 3851 4975 3944">
    <p class='ocr_par' dir='ltr' id='par_1_25' title="bbox 2951 3851 4975 3944">
     <span class='ocr_line' id='line_1_79' title="bbox 2951 3851 4975 3944; baseline 0.002 -25"><span class='ocrx_word' id='word_1_536' title='bbox 2951 3886 2953 3888; x_wconf 95' lang='lat'>·</span> <span class='ocrx_word' id='word_1_537' title='bbox 2997 3853 3393 3920; x_wconf 80' lang='lat' dir='ltr'><strong>Nominatur</strong></span> <span class='ocrx_word' id='word_1_538' title='bbox 3435 3864 3656 3919; x_wconf 88' lang='lat' dir='ltr'><strong>autem</strong></span> <span class='ocrx_word' id='word_1_539' title='bbox 3702 3851 3917 3935; x_wconf 85' lang='lat' dir='ltr'><strong>litera,</strong></span> <span class='ocrx_word' id='word_1_540' title='bbox 3980 3857 4135 3941; x_wconf 82' lang='lat' dir='ltr'><strong>quia</strong></span> <span class='ocrx_word' id='word_1_541' title='bbox 4197 3856 4514 3944; x_wconf 76' lang='lat' dir='ltr'><strong>cogitatio</strong></span> <span class='ocrx_word' id='word_1_542' title='bbox 4556 3853 4672 3921; x_wconf 89' lang='lat' dir='ltr'><strong>iila</strong></span> <span class='ocrx_word' id='word_1_543' title='bbox 4715 3875 4975 3942; x_wconf 81' lang='lat' dir='ltr'><strong>regens</strong></span> 
     </span>
    </p>
   </div>
   <div class='ocr_carea' id='block_1_25' title="bbox 2994 3938 4977 4628">
    <p class='ocr_par' dir='ltr' id='par_1_26' title="bbox 2994 3938 4977 4628">
     <span class='ocr_line' id='line_1_80' title="bbox 2997 3938 4976 4028; baseline 0.004 -24"><span class='ocrx_word' id='word_1_544' title='bbox 2997 3953 3245 4006; x_wconf 87' lang='lat' dir='ltr'><strong>motum</strong></span> <span class='ocrx_word' id='word_1_545' title='bbox 3290 3952 3656 4017; x_wconf 83' lang='lat' dir='ltr'><strong>externum,</strong></span> <span class='ocrx_word' id='word_1_546' title='bbox 3724 3954 3832 4005; x_wconf 84' lang='lat' dir='ltr'><strong>est</strong></span> <span class='ocrx_word' id='word_1_547' title='bbox 3896 3938 4101 4006; x_wconf 87' lang='lat' dir='ltr'><strong>veluti</strong></span> <span class='ocrx_word' id='word_1_548' title='bbox 4144 3942 4408 4027; x_wconf 90' lang='lat' dir='ltr'><strong>pictura</strong></span> <span class='ocrx_word' id='word_1_549' title='bbox 4464 3961 4585 4008; x_wconf 87' lang='lat' dir='ltr'><strong>seu</strong></span> <span class='ocrx_word' id='word_1_550' title='bbox 4628 3943 4976 4028; x_wconf 81' lang='lat' dir='ltr'><strong>scriptura</strong></span> 
     </span>
     <span class='ocr_line' id='line_1_81' title="bbox 2994 4025 4977 4105; baseline 0.002 -13"><span class='ocrx_word' id='word_1_551' title='bbox 2994 4025 3166 4092; x_wconf 87' lang='lat' dir='ltr'><strong>illita</strong></span> <span class='ocrx_word' id='word_1_552' title='bbox 3210 4027 3514 4104; x_wconf 88' lang='lat' dir='ltr'><strong>cerebro,</strong></span> <span class='ocrx_word' id='word_1_553' title='bbox 3558 4026 3707 4090; x_wconf 89' lang='lat' dir='ltr'><strong>sine</strong></span> <span class='ocrx_word' id='word_1_554' title='bbox 3752 4028 3886 4091; x_wconf 85' lang='lat' dir='ltr'><strong>vita</strong></span> <span class='ocrx_word' id='word_1_555' title='bbox 3928 4027 3996 4091; x_wconf 88' lang='lat' dir='ltr'><strong>in</strong></span> <span class='ocrx_word' id='word_1_556' title='bbox 4042 4027 4268 4105; x_wconf 89' lang='lat' dir='ltr'><strong>corde,</strong></span> <span class='ocrx_word' id='word_1_557' title='bbox 4311 4028 4459 4092; x_wconf 89' lang='lat' dir='ltr'><strong>sine</strong></span> <span class='ocrx_word' id='word_1_558' title='bbox 4502 4025 4768 4093; x_wconf 82' lang='lat' dir='ltr'><strong>flamma</strong></span> <span class='ocrx_word' id='word_1_559' title='bbox 4815 4047 4977 4096; x_wconf 82' lang='lat' dir='ltr'><strong>cor·</strong></span> 
     </span>
     <span class='ocr_line' id='line_1_82' title="bbox 2998 4110 4975 4202; baseline 0.001 -24"><span class='ocrx_word' id='word_1_560' title='bbox 2998 4114 3101 4178; x_wconf 89' lang='lat' dir='ltr'><strong>dis</strong></span> <span class='ocrx_word' id='word_1_561' title='bbox 3148 4112 3455 4179; x_wconf 87' lang='lat' dir='ltr'><strong>divinitus</strong></span> <span class='ocrx_word' id='word_1_562' title='bbox 3500 4131 3814 4191; x_wconf 82' lang='lat' dir='ltr'><strong>accensa,</strong></span> <span class='ocrx_word' id='word_1_563' title='bbox 3876 4124 3943 4177; x_wconf 89' lang='lat' dir='ltr'><strong>et</strong></span> <span class='ocrx_word' id='word_1_564' title='bbox 3985 4115 4283 4178; x_wconf 86' lang='lat' dir='ltr'><strong>intuente</strong></span> <span class='ocrx_word' id='word_1_565' title='bbox 4328 4110 4577 4178; x_wconf 80' lang='lat' dir='ltr'><strong>Deum=</strong></span> <span class='ocrx_word' id='word_1_566' title='bbox 4645 4112 4736 4177; x_wconf 91' lang='lat' dir='ltr'><strong>Ut</strong></span> <span class='ocrx_word' id='word_1_567' title='bbox 4780 4117 4975 4202; x_wconf 89' lang='lat' dir='ltr'><strong>cogi·</strong></span> 
     </span>
     <span class='ocr_line' id='line_1_83' title="bbox 2996 4195 4972 4284; baseline 0.001 -20"><span class='ocrx_word' id='word_1_568' title='bbox 2996 4200 3157 4264; x_wconf 89' lang='lat' dir='ltr'><strong>tatio</strong></span> <span class='ocrx_word' id='word_1_569' title='bbox 3225 4199 3310 4264; x_wconf 89' lang='lat' dir='ltr'><strong>de</strong></span> <span class='ocrx_word' id='word_1_570' title='bbox 3373 4199 3474 4262; x_wconf 88' lang='lat' dir='ltr'><strong>ira</strong></span> <span class='ocrx_word' id='word_1_571' title='bbox 3539 4200 3956 4284; x_wconf 82' lang='lat' dir='ltr'><strong>reprimenda</strong></span> <span class='ocrx_word' id='word_1_572' title='bbox 4020 4201 4087 4263; x_wconf 88' lang='lat' dir='ltr'><strong>in</strong></span> <span class='ocrx_word' id='word_1_573' title='bbox 4144 4195 4422 4264; x_wconf 85' lang='lat' dir='ltr'><strong>Achille</strong></span> <span class='ocrx_word' id='word_1_574' title='bbox 4487 4210 4592 4264; x_wconf 90' lang='lat' dir='ltr'><strong>est</strong></span> <span class='ocrx_word' id='word_1_575' title='bbox 4648 4201 4832 4284; x_wconf 85' lang='lat' dir='ltr'><strong>picta</strong></span> <span class='ocrx_word' id='word_1_576' title='bbox 4898 4203 4972 4266; x_wconf 91' lang='lat' dir='ltr'><strong>in</strong></span> 
     </span>
     <span class='ocr_line' id='line_1_84' title="bbox 2998 4282 4971 4369; baseline 0.002 -19"><span class='ocrx_word' id='word_1_577' title='bbox 2998 4286 3277 4350; x_wconf 87' lang='lat' dir='ltr'><strong>cerebro</strong></span> <span class='ocrx_word' id='word_1_578' title='bbox 3300 4329 3322 4364; x_wconf 91' lang='lat'>‚</span> <span class='ocrx_word' id='word_1_579' title='bbox 3413 4304 3563 4350; x_wconf 91' lang='lat' dir='ltr'><strong>cum</strong></span> <span class='ocrx_word' id='word_1_580' title='bbox 3621 4285 3881 4369; x_wconf 82' lang='lat' dir='ltr'><strong>quidem</strong></span> <span class='ocrx_word' id='word_1_581' title='bbox 3948 4305 4069 4350; x_wconf 89' lang='lat' dir='ltr'><strong>cor</strong></span> <span class='ocrx_word' id='word_1_582' title='bbox 4112 4282 4498 4364; x_wconf 80' lang='lat' dir='ltr'><strong>reluctetur,</strong></span> <span class='ocrx_word' id='word_1_583' title='bbox 4577 4306 4704 4351; x_wconf 90' lang='lat' dir='ltr'><strong>nec</strong></span> <span class='ocrx_word' id='word_1_584' title='bbox 4770 4305 4971 4353; x_wconf 86' lang='lat' dir='ltr'><strong>mens</strong></span> 
     </span>
     <span class='ocr_line' id='line_1_85' title="bbox 2995 4366 4969 4450; baseline 0 -13"><span class='ocrx_word' id='word_1_585' title='bbox 2995 4367 3283 4437; x_wconf 85' lang='lat' dir='ltr'><strong>Achillis</strong></span> <span class='ocrx_word' id='word_1_586' title='bbox 3335 4369 3619 4435; x_wconf 90' lang='lat' dir='ltr'><strong>intuetur</strong></span> <span class='ocrx_word' id='word_1_587' title='bbox 3672 4366 3913 4450; x_wconf 89' lang='lat' dir='ltr'><strong>Deum,</strong></span> <span class='ocrx_word' id='word_1_588' title='bbox 3977 4391 4104 4437; x_wconf 87' lang='lat' dir='ltr'><strong>nec</strong></span> <span class='ocrx_word' id='word_1_589' title='bbox 4170 4391 4291 4435; x_wconf 89' lang='lat' dir='ltr'><strong>cor</strong></span> <span class='ocrx_word' id='word_1_590' title='bbox 4331 4368 4619 4437; x_wconf 88' lang='lat' dir='ltr'><strong>laetatur</strong></span> <span class='ocrx_word' id='word_1_591' title='bbox 4660 4373 4727 4435; x_wconf 91' lang='lat' dir='ltr'><strong>in</strong></span> <span class='ocrx_word' id='word_1_592' title='bbox 4774 4370 4969 4439; x_wconf 73' lang='lat' dir='ltr'><strong>Deox</strong></span> 
     </span>
     <span class='ocr_line' id='line_1_86' title="bbox 2996 4454 4973 4541; baseline 0.003 -20"><span class='ocrx_word' id='word_1_593' title='bbox 2996 4455 3187 4522; x_wconf 89' lang='lat' dir='ltr'><strong>Sicut</strong></span> <span class='ocrx_word' id='word_1_594' title='bbox 3229 4455 3453 4522; x_wconf 87' lang='lat' dir='ltr'><strong>David</strong></span> <span class='ocrx_word' id='word_1_595' title='bbox 3497 4456 3865 4541; x_wconf 87' lang='lat' dir='ltr'><strong>reprimens</strong></span> <span class='ocrx_word' id='word_1_596' title='bbox 3909 4478 4011 4534; x_wconf 88' lang='lat' dir='ltr'><strong>se,</strong></span> <span class='ocrx_word' id='word_1_597' title='bbox 4079 4478 4166 4523; x_wconf 92' lang='lat' dir='ltr'><strong>ne</strong></span> <span class='ocrx_word' id='word_1_598' title='bbox 4210 4459 4474 4524; x_wconf 82' lang='lat' dir='ltr'><strong>occidat</strong></span> <span class='ocrx_word' id='word_1_599' title='bbox 4515 4454 4825 4539; x_wconf 88' lang='lat' dir='ltr'><strong>Saulum,</strong></span> <span class='ocrx_word' id='word_1_600' title='bbox 4867 4460 4973 4526; x_wconf 89' lang='lat' dir='ltr'><strong>in·</strong></span> 
     </span>
     <span class='ocr_line' id='line_1_87' title="bbox 2994 4541 4325 4628; baseline -0.003 -19"><span class='ocrx_word' id='word_1_601' title='bbox 2994 4553 3215 4609; x_wconf 89' lang='lat' dir='ltr'><strong>tuetur</strong></span> <span class='ocrx_word' id='word_1_602' title='bbox 3256 4541 3475 4610; x_wconf 86' lang='lat' dir='ltr'><strong>Deum</strong></span> <span class='ocrx_word' id='word_1_603' title='bbox 3518 4554 3587 4608; x_wconf 90' lang='lat' dir='ltr'><strong>et</strong></span> <span class='ocrx_word' id='word_1_604' title='bbox 3629 4544 4001 4628; x_wconf 82' lang='lat' dir='ltr'><strong>acquiescit</strong></span> <span class='ocrx_word' id='word_1_605' title='bbox 4042 4544 4112 4610; x_wconf 88' lang='lat' dir='ltr'><strong>in</strong></span> <span class='ocrx_word' id='word_1_606' title='bbox 4153 4541 4325 4609; x_wconf 91' lang='lat' dir='ltr'><strong>Deo.</strong></span> 
     </span>
    </p>
   </div>
   <div class='ocr_carea' id='block_1_26' title="bbox 2990 4711 4973 5315">
    <p class='ocr_par' dir='ltr' id='par_1_27' title="bbox 2990 4711 4973 5315">
     <span class='ocr_line' id='line_1_88' title="bbox 3165 4711 4972 4799; baseline 0.002 -21"><span class='ocrx_word' id='word_1_607' title='bbox 3165 4712 3396 4799; x_wconf 81' lang='lat' dir='ltr'><strong>Typus</strong></span> <span class='ocrx_word' id='word_1_608' title='bbox 3441 4713 3638 4778; x_wconf 88' lang='lat' dir='ltr'><strong>etiam</strong></span> <span class='ocrx_word' id='word_1_609' title='bbox 3680 4711 3877 4778; x_wconf 91' lang='lat' dir='ltr'><strong>huius</strong></span> <span class='ocrx_word' id='word_1_610' title='bbox 3919 4713 4207 4778; x_wconf 86' lang='lat' dir='ltr'><strong>iustitiae</strong></span> <span class='ocrx_word' id='word_1_611' title='bbox 4252 4725 4567 4779; x_wconf 80' lang='lat' dir='ltr'><strong>externae</strong></span> <span class='ocrx_word' id='word_1_612' title='bbox 4591 4724 4698 4779; x_wconf 89' lang='lat' dir='ltr'><strong>est</strong></span> <span class='ocrx_word' id='word_1_613' title='bbox 4726 4712 4972 4783; x_wconf 80' lang='lat' dir='ltr'><strong>solium</strong></span> 
     </span>
     <span class='ocr_line' id='line_1_89' title="bbox 2995 4799 4972 4885; baseline 0.002 -21"><span class='ocrx_word' id='word_1_614' title='bbox 2995 4799 3127 4879; x_wconf 84' lang='lat' dir='ltr'><strong>fici,</strong></span> <span class='ocrx_word' id='word_1_615' title='bbox 3240 4820 3325 4863; x_wconf 91' lang='lat' dir='ltr'><strong>uo</strong></span> <span class='ocrx_word' id='word_1_616' title='bbox 3383 4818 3463 4864; x_wconf 89' lang='lat' dir='ltr'><strong>se</strong></span> <span class='ocrx_word' id='word_1_617' title='bbox 3520 4809 3754 4885; x_wconf 91' lang='lat' dir='ltr'><strong>tegunt</strong></span> <span class='ocrx_word' id='word_1_618' title='bbox 3796 4801 3988 4883; x_wconf 86' lang='lat' dir='ltr'><strong>primi</strong></span> <span class='ocrx_word' id='word_1_619' title='bbox 4029 4811 4375 4884; x_wconf 84' lang='lat' dir='ltr'><strong>parentes:</strong></span> <span class='ocrx_word' id='word_1_620' title='bbox 4464 4800 4632 4864; x_wconf 87' lang='lat' dir='ltr'><strong>Nam</strong></span> <span class='ocrx_word' id='word_1_621' title='bbox 4679 4813 4972 4868; x_wconf 80' lang='lat' dir='ltr'><strong>externa</strong></span> 
     </span>
     <span class='ocr_line' id='line_1_90' title="bbox 2996 4882 4970 4971; baseline 0.001 -21"><span class='ocrx_word' id='word_1_622' title='bbox 2996 4886 3207 4970; x_wconf 86' lang='lat' dir='ltr'><strong>discip</strong></span> <span class='ocrx_word' id='word_1_623' title='bbox 3236 4886 3348 4949; x_wconf 85' lang='lat' dir='ltr'><strong>ina</strong></span> <span class='ocrx_word' id='word_1_624' title='bbox 3379 4897 3719 4970; x_wconf 89' lang='lat' dir='ltr'><strong>utcunque</strong></span> <span class='ocrx_word' id='word_1_625' title='bbox 3763 4885 3932 4971; x_wconf 84' lang='lat' dir='ltr'><strong>tegit</strong></span> <span class='ocrx_word' id='word_1_626' title='bbox 3987 4882 4481 4951; x_wconf 78' lang='lat' dir='ltr'><strong>deformitatem.</strong></span> <span class='ocrx_word' id='word_1_627' title='bbox 4521 4898 4802 4952; x_wconf 89' lang='lat' dir='ltr'><strong>naturae</strong></span> <span class='ocrx_word' id='word_1_628' title='bbox 4867 4888 4970 4953; x_wconf 89' lang='lat' dir='ltr'><strong>in-</strong></span> 
     </span>
     <span class='ocr_line' id='line_1_91' title="bbox 2994 4968 4972 5058; baseline 0.002 -22"><span class='ocrx_word' id='word_1_629' title='bbox 2994 4975 3329 5049; x_wconf 87' lang='lat' dir='ltr'><strong>teriorem,</strong></span> <span class='ocrx_word' id='word_1_630' title='bbox 3386 4982 3459 5036; x_wconf 88' lang='lat' dir='ltr'><strong>ut</strong></span> <span class='ocrx_word' id='word_1_631' title='bbox 3522 4983 3679 5036; x_wconf 86' lang='lat' dir='ltr'><strong>sunt</strong></span> <span class='ocrx_word' id='word_1_632' title='bbox 3743 4991 3856 5036; x_wconf 88' lang='lat' dir='ltr'><strong>res</strong></span> <span class='ocrx_word' id='word_1_633' title='bbox 3914 4968 4237 5056; x_wconf 87' lang='lat' dir='ltr'><strong>pulchrae</strong></span> <span class='ocrx_word' id='word_1_634' title='bbox 4279 4974 4571 5037; x_wconf 86' lang='lat' dir='ltr'><strong>ordinati·</strong></span> <span class='ocrx_word' id='word_1_635' title='bbox 4621 4985 4859 5058; x_wconf 83' lang='lat' dir='ltr'><strong>gestus</strong></span> <span class='ocrx_word' id='word_1_636' title='bbox 4896 4975 4972 5040; x_wconf 87' lang='lat' dir='ltr'><strong>in</strong></span> 
     </span>
     <span class='ocr_line' id='line_1_92' title="bbox 2993 5055 4972 5144; baseline 0.004 -25"><span class='ocrx_word' id='word_1_637' title='bbox 2993 5058 3309 5144; x_wconf 87' lang='lat' dir='ltr'><strong>Scipione</strong></span> <span class='ocrx_word' id='word_1_638' title='bbox 3376 5055 3646 5123; x_wconf 86' lang='lat' dir='ltr'><strong>nolente</strong></span> <span class='ocrx_word' id='word_1_639' title='bbox 3711 5059 3871 5122; x_wconf 86' lang='lat' dir='ltr'><strong>attin</strong></span> <span class='ocrx_word' id='word_1_640' title='bbox 3964 5078 4038 5122; x_wconf 81' lang='lat' dir='ltr'><strong>re</strong></span> <span class='ocrx_word' id='word_1_641' title='bbox 4081 5055 4362 5123; x_wconf 86' lang='lat' dir='ltr'><strong>alterius</strong></span> <span class='ocrx_word' id='word_1_642' title='bbox 4406 5077 4761 5142; x_wconf 88' lang='lat' dir='ltr'><strong>sponsam,</strong></span> <span class='ocrx_word' id='word_1_643' title='bbox 4833 5080 4972 5127; x_wconf 88' lang='lat' dir='ltr'><strong>nec</strong></span> 
     </span>
     <span class='ocr_line' id='line_1_93' title="bbox 2994 5140 4973 5229; baseline 0.004 -22"><span class='ocrx_word' id='word_1_644' title='bbox 2994 5154 3208 5209; x_wconf 90' lang='lat' dir='ltr'><strong>tamen</strong></span> <span class='ocrx_word' id='word_1_645' title='bbox 3269 5141 3431 5208; x_wconf 91' lang='lat' dir='ltr'><strong>illud</strong></span> <span class='ocrx_word' id='word_1_646' title='bbox 3497 5140 3724 5210; x_wconf 75' lang='lat' dir='ltr'><strong>folium</strong></span> <span class='ocrx_word' id='word_1_647' title='bbox 3770 5164 3822 5215; x_wconf 86' lang='lat' dir='ltr'><strong>,a</strong></span> <span class='ocrx_word' id='word_1_648' title='bbox 3899 5155 4000 5208; x_wconf 84' lang='lat' dir='ltr'><strong>ert</strong></span> <span class='ocrx_word' id='word_1_649' title='bbox 4061 5158 4414 5229; x_wconf 84' lang='lat' dir='ltr'><strong>peccatum</strong></span> <span class='ocrx_word' id='word_1_650' title='bbox 4481 5156 4550 5209; x_wconf 86' lang='lat' dir='ltr'><strong>et</strong></span> <span class='ocrx_word' id='word_1_651' title='bbox 4591 5158 4879 5212; x_wconf 88' lang='lat' dir='ltr'><strong>mortem</strong></span> <span class='ocrx_word' id='word_1_652' title='bbox 4922 5168 4973 5215; x_wconf 81' lang='lat' dir='ltr'><strong>a</strong></span> 
     </span>
     <span class='ocr_line' id='line_1_94' title="bbox 2990 5230 3661 5315; baseline 0.003 -20"><span class='ocrx_word' id='word_1_653' title='bbox 2990 5231 3218 5315; x_wconf 88' lang='lat' dir='ltr'><strong>primis</strong></span> <span class='ocrx_word' id='word_1_654' title='bbox 3256 5230 3661 5314; x_wconf 84' lang='lat' dir='ltr'><strong>parentibus.</strong></span> 
     </span>
    </p>
   </div>
   <div class='ocr_carea' id='block_1_27' title="bbox 2989 5399 4969 5643">
    <p class='ocr_par' dir='ltr' id='par_1_28' title="bbox 2989 5399 4969 5643">
     <span class='ocr_line' id='line_1_95' title="bbox 3162 5399 4968 5489; baseline 0 -21"><span class='ocrx_word' id='word_1_655' title='bbox 3162 5402 3333 5468; x_wconf 90' lang='lat' dir='ltr'><strong>Sunt</strong></span> <span class='ocrx_word' id='word_1_656' title='bbox 3374 5413 3596 5467; x_wconf 90' lang='lat' dir='ltr'><strong>autem</strong></span> <span class='ocrx_word' id='word_1_657' title='bbox 3641 5399 3817 5467; x_wconf 88' lang='lat' dir='ltr'><strong>aliae</strong></span> <span class='ocrx_word' id='word_1_658' title='bbox 3862 5421 4111 5468; x_wconf 79' lang='lat' dir='ltr'><strong>causae</strong></span> <span class='ocrx_word' id='word_1_659' title='bbox 4133 5412 4443 5487; x_wconf 88' lang='lat' dir='ltr'><strong>quatuor,</strong></span> <span class='ocrx_word' id='word_1_660' title='bbox 4487 5414 4763 5487; x_wconf 85' lang='lat' dir='ltr'><strong>propter</strong></span> <span class='ocrx_word' id='word_1_661' title='bbox 4788 5423 4968 5489; x_wconf 84' lang='lat' dir='ltr'><strong>quas</strong></span> 
     </span>
     <span class='ocr_line' id='line_1_96' title="bbox 2989 5489 4969 5643; baseline 0.002 -89"><span class='ocrx_word' id='word_1_662' title='bbox 2989 5499 3267 5643; x_wconf 52' lang='grc' dir='ltr'><strong>ἱεέῐεὲιιιια</strong></span> <span class='ocrx_word' id='word_1_663' title='bbox 3280 5489 3686 5642; x_wconf 51' lang='grc' dir='ltr'><strong>τίἰὲᾱᾱὶξηῐίει</strong></span> <span class='ocrx_word' id='word_1_664' title='bbox 3728 5490 3799 5554; x_wconf 87' lang='lat' dir='ltr'><strong>in</strong></span> <span class='ocrx_word' id='word_1_665' title='bbox 3843 5489 4150 5555; x_wconf 88' lang='lat' dir='ltr'><strong>omnibus</strong></span> <span class='ocrx_word' id='word_1_666' title='bbox 4172 5490 4562 5555; x_wconf 85' lang='lat' dir='ltr'><strong>necessaria</strong></span> <span class='ocrx_word' id='word_1_667' title='bbox 4582 5501 4711 5570; x_wconf 83' lang='lat' dir='ltr'><strong>est,</strong></span> <span class='ocrx_word' id='word_1_668' title='bbox 4755 5492 4969 5558; x_wconf 86' lang='lat' dir='ltr'><strong>etiam</strong></span> 
     </span>
    </p>
   </div>
  </div>
 </body>
</html>
