5892 6709
461 2003 1177 2160 1111111111
1234 2005 1367 2156 uu
1411 1905 2097 2158 1111111111
2130 2009 2488 2167 vanua

1364 2245 1572 2396 nur.

1112 2520 1149 2586 in
1171 2520 1325 2588 Editione
1341 2519 1604 2609 Witteirergensi
1624 2517 1703 2589 anni
1727 2521 1822 2589 1560.

537 2901 658 2985 Saepe
679 2899 842 2984 disputari
863 2894 963 2977 solet,
989 2909 1146 2984 quantum
1169 2898 1377 2964 tribuendum
1398 2899 1443 2964 sit
1493 2908 1574 2984 gant
1595 2899 1701 2985 prima
1722 2898 1912 2965 testimonia
1937 2899 1980 2964 ab
2003 2897 2177 2985 Apostolis
2198 2912 2233 2968 et
2256 2902 2358 2968 certis
2384 2915 2489 2973 auto·

462 2983 637 3053 Ecclesiae
659 2986 847 3065 sententiis,
879 2986 1023 3050 decretis
1044 2984 1265 3071 Synodorum,
1298 2998 1333 3051 et
1355 2986 1443 3051 Scri·
1493 2986 1587 3049 ribus
1609 2997 1757 3071 accepta.
2381 3015 2385 3024 =

461 3086 594 3159 ptorum
627 3073 736 3139 dictis.
803 3069 877 3136 Etsi
905 3073 991 3136 enim
1023 3069 1172 3157 reguiam
1206 3084 1375 3152 tenemus,
1407 3082 1443 3137 ut

461 3161 600 3226 verbum
622 3157 689 3223 Dei
710 3155 959 3243 amplectamur,
989 3169 1099 3221 tamen
1121 3175 1195 3222 cum
1213 3158 1390 3224 'videantur
1410 3159 1443 3222 in
1581 3154 1816 3222 Tertullianus
1830 3168 1948 3221 contra
1968 3155 2132 3223 Praxeanr
2155 3158 2275 3244 inquit,
2307 3156 2399 3225 hanc
2430 3182 2488 3228 re·

460 3242 669 3328 Apostolicis
691 3246 827 3330 scriptis
849 3262 1029 3309 occurrere
1048 3241 1117 3309 loci
1137 3243 1300 3348 ambigui,
1332 3245 1444 3329 dispu·
1495 3242 1606 3329 gulam
1639 3246 1814 3308 teuerniarn
1848 3263 1925 3307 osse
1953 3244 2117 3309 adversus
2155 3265 2270 3310 omues
2303 3244 2488 3331 haereses,

461 3341 532 3395 tant
553 3330 657 3416 aliqui
678 3332 789 3416 potius
812 3350 889 3395 esse
910 3332 1093 3396 sententias
1105 3328 1280 3395 Eccicstae
1301 3351 1444 3418 sequeu-
1495 3325 1636 3396 Rectum
1658 3350 1747 3408 esse,
1770 3332 1991 3415 quodcunque
2008 3333 2148 3415 primum
2165 3344 2237 3411 est,
2256 3330 2487 3401 adulterinum

462 3418 536 3496 das,
557 3438 657 3502 quam
679 3418 805 3500 scripta
825 3412 1078 3502 Apostolorum.
1179 3497 1185 3503 ι
1495 3437 1591 3497 vero,
1613 3417 1833 3503 quodcunque
1856 3418 2034 3499 posterius.
2069 3415 2114 3480 Et
2135 3418 2266 3502 quidem
2287 3431 2390 3485 vocat
2412 3421 2486 3507 pri·

1495 3524 1596 3583 mum,
1631 3504 1720 3588 quod
1743 3501 1898 3586 Apostoli
1929 3514 2023 3568 certo
2046 3503 2271 3586 tradiderunt,
2303 3506 2357 3573 sic
2390 3510 2486 3574 enim

547 3583 682 3651 Deinde
712 3585 876 3671 affingunt
907 3588 1118 3652 autoritatem
1144 3586 1320 3652 Ecclesiae
1353 3598 1443 3652 ante-
1495 3589 1568 3674 ipse
1589 3609 1669 3653 sese
1686 3591 1930 3673 interpretatur.
1975 3602 1980 3609 ’

461 3670 632 3738 terendam
643 3692 722 3738 esse
732 3674 838 3739 verbo
850 3670 926 3751 Dei,
948 3693 989 3737 ac
998 3691 1102 3757 posse
1112 3670 1300 3737 Ecclesiam
1317 3685 1445 3738 mutare
1938 3683 1941 3688 '

460 3759 581 3825 tradita
602 3760 635 3822 in
656 3759 761 3824 verbo
773 3757 848 3824 Dei.
861 3757 973 3824 Citant
995 3759 1038 3823 ad
1060 3758 1121 3823 iras
1134 3759 1308 3844 opiniones
1321 3759 1445 3824 dictum
1581 3757 1738 3825 irenaeus
1773 3770 1888 3824 contra
1909 3756 2078 3825 Florinum
2110 3757 2235 3846 aliegat
2267 3761 2486 3831 autoritatem

434 3844 657 3935 ‘Augustinir
692 3842 876 3932 Evangelio
898 3865 966 3910 non
996 3845 1184 3923 crederem,
1218 3845 1359 3910 nisime
1381 3843 1444 3909 Ec·
1495 3847 1715 3928 superiorum,
1749 3867 1789 3909 ac
1822 3848 2011 3910 nominatim
2044 3846 2246 3933 Polycarpi,
2279 3846 2336 3934 qui
2369 3843 2486 3917 luerat

462 3929 587 3996 clesiae
619 3928 815 3997 Catholicae
848 3942 1076 3997 commoveret
1106 3931 1280 3996 autoritas.
1328 3929 1444 4016 ltaque
1495 3933 1627 3997 auditor
1660 3932 1815 3996 iohannis
1837 3930 2004 4017 Apostoli.
2049 3936 2155 4019 inquit
2184 3933 2269 3999 enim
2303 3948 2485 4003 execratu-

376 4072 378 4075 .
460 4014 549 4082 saiso
572 4027 746 4102 praetextu
769 4018 910 4082 nominis
928 4014 1104 4083 Ecclesiae
1125 4016 1305 4085 Pontifices
1328 4017 1444 4084 decer·
1467 4018 1472 4139 Ι
1495 4040 1569 4083 rum
1590 4015 1696 4084 luisse
1718 4020 1872 4104 dogmata
1895 4015 2033 4097 Florini,
2056 4022 2085 4085 si
2107 4040 2149 4084 ea
2170 4021 2412 4101 audiisset'et
2433 4024 2484 4089 vi·

461 4115 543 4169 1111111
565 4114 597 4168 11
619 4104 732 4188 praeci
756 4104 826 4169 iunt
847 4100 952 4167 muita
979 4122 1041 4190 pro
1070 4101 1207 4168 libidine
1229 4114 1347 4169 contra
1369 4125 1443 4169 ver·
1467 4140 1471 4179 Ι
1494 4116 1636 4169 1111111111
1657 4100 1781 4182 locum,
1814 4105 1848 4168 iu
1875 4126 1942 4190 quo
1962 4103 2024 4171 illa
2046 4107 2134 4172 dicta
2156 4117 2283 4187 essent,
2314 4119 2483 4196 tanquam

459 4191 537 4260 irum
555 4187 633 4267 Dei,
656 4209 720 4254 con
746 4201 853 4254 nnant
871 4201 903 4253 et
920 4186 1092 4254 stabiliunt
1109 4190 1242 4275 impiam
1260 4191 1443 4254 doctrinam
1494 4187 1667 4275 poliutum.

461 4287 494 4340 et
513 4275 632 4359 impios
656 4272 786 4354 cultus,
818 4281 860 4339 aa
881 4270 1040 4359 plurimos
1064 4274 1161 4340 etiam
1183 4295 1272 4339 nunc
1301 4276 1443 4340 deterret

460 4380 482 4425 a
502 4380 585 4426 vera
606 4360 758 4427 doctrina
775 4360 962 4447 Evangelii,
986 4380 1083 4446 quam
1104 4359 1310 4445 profitemur,
1333 4359 1442 4427 solum
1581 4357 1728 4425 Basilius
1748 4358 1871 4447 aliegat
1886 4362 2049 4427 nutricem
2072 4382 2179 4440 suam,
2201 4364 2295 4431 cuius
2318 4365 2482 4449 pietatem

460 4466 582 4528 nomen
602 4445 786 4512 Ecclesiae.
829 4447 908 4512 ideo
931 4465 1074 4512 necesse
1106 4457 1160 4512 est
1191 4447 1234 4513 de
1268 4449 1442 4513 autoritate
1493 4448 1540 4512 ait
1563 4458 1642 4511 11111
1663 4450 1696 4512 11
1717 4450 1832 4533 primis
1859 4446 1966 4512 tuisse
1999 4446 2177 4528 laudatam,
2210 4461 2243 4514 et
2276 4451 2370 4515 addit
2403 4445 2482 4516 eam

461 4529 634 4597 Ecclesiae
656 4546 748 4600 recte
769 4534 943 4599 admoneri
964 4529 1126 4600 homines.
1493 4535 1666 4619 percepisse
1689 4535 1871 4598 doctrinam
1894 4555 1913 4599 a
1932 4532 2096 4620 Gregorio
2107 4535 2400 4617 Neocaesaricnsi,

530 4649 534 4664 ·
1493 4618 1550 4685 ilie
1574 4633 1721 4705 tempore
1745 4621 1927 4685 eruditione
1944 4631 1977 4683 et
1991 4618 2159 4687 miraculis
2181 4620 2311 4701 claruit,
2332 4637 2368 4688 et

546 4701 678 4768 Rursus
711 4707 809 4771 etiarn
842 4705 1005 4793 quaedam
1043 4701 1266 4791 petulantiora
1297 4706 1442 4791 ingenia,
1492 4708 1574 4771 tavit
1584 4708 1850 4785 samosatenum,
1874 4728 1914 4771 ac
1927 4704 2055 4793 reliquit
2068 4709 2202 4774 brevem
2226 4706 2480 4777 confessionem

461 4810 535 4857 cum
558 4787 688 4876 fingunt
709 4814 752 4857 ex
774 4792 872 4859 dictis
898 4791 1082 4877 scripturae
1103 4786 1190 4856 male
1220 4792 1360 4856 detortis
1382 4811 1442 4856 no·
1492 4790 1582 4871 fidei,
1615 4811 1701 4941 {aaa
1735 4795 1880 4858 continet
1907 4790 2036 4858 illustre
2065 4796 2284 4860 testimonium
2305 4796 2349 4862 de
2369 4793 2479 4863 Triul-

387 4951 389 4955 Α
460 4896 523 4943 vas
545 4877 732 4962 opiniones,
754 4899 896 4963 prorsus
919 4888 1144 4963 aspernantur
1161 4897 1365 4943 consensum
1386 4896 1442 4942 ve-
1493 4889 1573 4943 tate.
1650 4890 1722 4943 xtat
1754 4892 1863 4944 autam
1896 4881 1930 4943 in
1962 4878 2049 4945 libro
2071 4882 2101 4947 7.
2132 4880 2397 4949 Ecclesiastico·
2421 4883 2479 4951 'ffl-

460 4983 519 5029 rae
539 4960 718 5028 Ecclesiae
739 4975 773 5029 et
804 4986 921 5031 omnes
944 4963 1103 5052 Synodos
1136 4963 1210 5029 sine
1243 4963 1442 5043 discrimine,
1492 4965 1628 5030 storiae.
1953 4975 1960 4981 '

460 5061 497 5116 ut
530 5070 606 5115 cum
639 5049 802 5116 servetus
834 5053 962 5116 rixatur
1003 5071 1079 5116 cum
1110 5047 1267 5116 Ecclesia
1299 5049 1443 5115 omniurn
1612 5115 1617 5124 ,

459 5148 657 5224 temporum,
690 5150 725 5202 11
757 5138 918 5223 depravat
945 5136 1034 5202 dicta
1061 5137 1103 5202 de
1131 5134 1258 5217 Verbo,
1286 5134 1469 5216 iohannis}
1581 5135 1746 5222 Origenes
1770 5134 2094 5225 aliegatttpostolos
2111 5139 2153 5202 de
2173 5137 2348 5225 Baptismo
2369 5137 2479 5208 inin·

458 5225 584 5309 primo,
612 5236 647 5288 et
668 5223 797 5308 quaerit
819 5223 1085 5303 concinniorem,
1105 5234 1143 5288 11
1163 5223 1237 5310 ipse
1257 5232 1363 5307 putat,
1394 5224 1443 5288 111·
1494 5233 1574 5288 tum.
1618 5223 1676 5288 Ait
1699 5226 1785 5289 enim
1808 5225 1841 5289 in
1865 5247 1939 5311 cap.
1962 5226 1994 5289 6.
2018 5224 2062 5289 ad
2084 5224 2267 5307 Romanos,
2299 5223 2480 5294 Ecclesia·

349 5366 351 5369 ,
459 5310 741 5394 terpretationem.
784 5307 831 5374 Ut
858 5310 959 5396 igitur
981 5304 1059 5375 tulis
1081 5305 1264 5395 petulantia
1286 5314 1443 5376 coercea-
1494 5310 1670 5395 accepisse
1690 5311 1900 5375 traditionem
1922 5315 1964 5376 ab
1986 5308 2173 5397 Apostolis,
2207 5324 2243 5377 ut
2264 5313 2480 5397 baptizentur

459 5406 530 5475 tur,
560 5394 674 5483 aliquo
700 5397 817 5464 modo·
834 5394 956 5482 septis,
988 5404 1025 5460 11
1051 5394 1098 5459 ita
1124 5394 1250 5480 dicam,
1276 5415 1362 5483 opus
1388 5404 1469 5473 esti
1493 5393 1650 5462 infantes.
1703 5394 1746 5461 lli
1767 5409 1859 5462 recte
1881 5395 2041 5482 allegunt,
2064 5399 2273 5464 autoritatem
2283 5398 2478 5468 Ecclesiae.

413 5545 417 5584 :
459 5478 649 5565 Eccleshe,
669 5484 758 5552 sicut
779 5494 915 5551 veteres
935 5479 1064 5571 Synodi
1086 5493 1120 5548 et
1141 5480 1333 5568 Scriptores
1361 5478 1469 5560 aila-t
1493 5478 1606 5555 Quare
1632 5482 1749 5550 ordine
1777 5484 1906 5565 dicam,
1939 5486 2016 5571 quid
2044 5486 2088 5551 sit
2120 5481 2287 5567 Ecclesia,
2319 5496 2358 5552 et
2388 5505 2481 5575 qnae
