5892 6709
385 517 388 525 ’
429 500 498 627 aaa
525 561 527 570 ·
1065 557 1181 625 rum
1201 557 1307 625 nan
1320 556 1512 627 scaram
1532 489 1815 625 acinarios.
2383 556 2456 625 oco

429 744 549 814 tollere
581 756 722 810 mortem
750 756 938 824 aeternam,
970 765 1012 811 ac
1041 745 1160 812 tollere
1178 745 1328 833 culpam,
1361 758 1415 814 eat
1553 745 1615 812 Est
1635 759 1745 814 autern
1767 745 1877 812 cultus
1898 745 1976 828 Dei,
1999 735 2129 832 opaea
2149 747 2226 814 Deo
2247 750 2456 828 mandatum,
2552 735 2557 743 ’

428 832 565 922 placare
587 834 669 896 iram
692 832 766 897 Dei
1321 905 1325 916 ¹
1467 830 1645 899 etinctum
1667 836 1700 897 in
1723 836 1903 919 agnitione,
1926 848 1960 898 et
1983 834 2049 898 lide
2071 832 2144 898 Filii
2157 835 2231 914 Dei,
2254 836 2349 900 coins
2371 855 2456 919 ope·

673 967 680 978 .
1466 921 1514 983 ris
1536 918 1728 1005 principalis
1751 919 1826 983 tinis
1849 932 1911 997 est,
1934 941 1997 986 seu
2019 922 2193 998 mediatos,
2212 938 2272 985 seo
2285 922 2457 985 immedia-

469 1077 471 1081 ,
516 1001 599 1071 Cum
631 1003 732 1087 igitur
764 1022 874 1086 poena
902 1014 1043 1069 aeterna
1064 1006 1108 1069 sit
1130 1006 1255 1069 sentire
1276 1004 1414 1069 horren·
1466 1016 1532 1084 tus,
1555 1016 1590 1070 ut
1612 1004 1706 1070 Deos
1729 1005 1859 1070 honore
1880 1003 2194 1084 alliciatur·,()mitto
2212 1007 2276 1070 iarn
2299 1027 2387 1091 quae
2410 1007 2457 1071 de

430 1092 518 1169 darn,
553 1103 587 1155 et
618 1087 874 1153 inenarrabilem
901 1092 983 1155 iram
1006 1090 1068 1156 Dei
1091 1105 1293 1168 manentem,
1326 1092 1414 1156 sicut
1465 1088 1657 1175 impletione
1688 1089 1774 1177 legis
1802 1092 1835 1156 in
1857 1091 1923 1157 hac
1945 1092 2083 1157 materia
2103 1090 2261 1157 lilonachi
2280 1093 2455 1157 ‘dixerunt

409 1176 599 1242 lohannes
622 1176 738 1259 inquit,
761 1174 881 1242 lraDei
905 1190 1014 1240 manet
1036 1197 1137 1242 soter
1160 1198 1250 1241 eum:
1266 1179 1412 1242 sciamns

430 1260 563 1349 culpam
586 1273 619 1325 et
641 1281 781 1344 poenam
804 1264 1055 1327 aeternamsim
1107 1260 1178 1326 tolli
1202 1275 1338 1347 propter
1358 1284 1414 1327 so·
1553 1261 1693 1338 Quarto,
1715 1263 1778 1327 etsi
1800 1262 2010 1329 verissimum
2033 1271 2097 1339 est,
2119 1264 2349 1328 remissionem
2371 1282 2457 1347 poe·

429 1347 499 1414 lum
519 1349 733 1413 mediatorem
755 1345 872 1412 Filium
896 1346 970 1427 Dei,
992 1370 1059 1413 non
1083 1361 1219 1433 propter
1235 1348 1338 1414 ullam
1357 1371 1413 1413 no·
1464 1368 1530 1413 nae
1561 1360 1719 1412 aeternae
1752 1369 1919 1434 nunquam
1952 1344 2171 1412 divellendum
2196 1369 2273 1413 esse
2294 1371 2315 1414 a
2336 1352 2458 1414 remis·

430 1446 533 1499 stram
552 1435 874 1516 compensationem,
899 1435 973 1497 ideo
997 1435 1077 1498 (ise.
1106 1434 1151 1498 13,
1178 1436 1313 1501 dicitura
1345 1434 1412 1499 Ero
1465 1437 1561 1498 sione
1584 1430 1723 1517 culpae:
1746 1438 1867 1499 'lanian
1891 1453 2032 1498 necesse
2054 1444 2106 1498 est
2125 1434 2270 1499 discerni
2282 1436 2458 1499 rendssio·

429 1540 522 1585 mors
545 1532 638 1584 tuao
661 1539 763 1598 morat,
786 1532 820 1585 et
843 1521 947 1605 pestis
969 1531 1028 1585 tua
1049 1518 1189 1585 inlerne.
1464 1540 1541 1584 nem
1574 1517 1746 1603 cnlpae,a
1782 1521 1976 1583 remissione
2007 1539 2188 1604 poenarum
2222 1520 2458 1605 temporalium

1464 1603 1562 1670 huius
1595 1608 1695 1669 vitae.
1739 1605 1826 1669 Nam
1848 1601 2001 1669 Ecclesia
2023 1616 2161 1689 propter
2182 1604 2304 1670 multas
2328 1626 2457 1672 causas

515 1689 558 1755 Et
580 1687 716 1768 Paulus,
750 1688 890 1756 aculeus
923 1692 1039 1756 mortis
1061 1702 1235 1775 peccatum
1259 1703 1322 1771 est,
1356 1713 1414 1776 po·
1467 1694 1559 1756 cruci
1582 1692 1735 1758 subiecta
1757 1703 1821 1770 est,
1843 1711 1927 1776 quas
1955 1711 2087 1773 semper
2108 1692 2140 1754 in
2165 1701 2352 1774 conspectu
2373 1712 2459 1758 essa

430 1778 533 1844 tentia
555 1777 684 1861 peccati
705 1775 788 1855 Lex,
822 1776 897 1841 Deo
919 1788 1028 1842 antem
1050 1781 1169 1863 gratia,
1202 1780 1256 1863 qui
1279 1781 1335 1842 dat
1355 1800 1415 1842 no·
1467 1798 1488 1840 o
1513 1789 1609 1856 ortet,
1630 1798 1770 1861 quarum
1791 1775 1878 1841 aliae
1899 1789 1976 1842 sunt
1998 1773 2205 1859 impulsivae,
2222 1777 2309 1844 aliae
2320 1777 2458 1861 finales,

430 1864 483 1930 bis
509 1863 684 1929 victoriam
712 1883 773 1946 per
794 1860 971 1927 Dominum
1000 1877 1148 1928 nostrum
1181 1864 1285 1928 lesum
1320 1864 1415 1928 Chri·
1465 1799 1551 1928 aliae
1573 1869 1833 1949 asponampmxoi,
1857 1863 1891 1928 id
1913 1874 1978 1943 est,
2000 1863 2205 1928 imitatrices.

431 1959 530 2015 stum.
575 1947 654 2013 ldeo
677 1949 861 2012 certissime
883 1951 1092 2014 statuendum
1116 1961 1167 2013 est
1192 1949 1256 2014 fide
1279 1960 1416 2035 propter

430 2032 549 2100 Filium
561 2033 625 2098 Dei
646 2031 744 2100 simul
766 2036 885 2124 remitti
909 2033 1052 2119 culpam,
1069 2049 1103 2101 et
1120 2033 1191 2099 tolli
1204 2056 1344 2119 poenam
1362 2057 1416 2101 ae·
1553 2032 1665 2099 Prima
1687 2044 1751 2112 est,
1784 2054 1858 2098 cnm
1880 2045 2017 2118 propter
2038 2030 2168 2118 lapsum
2190 2034 2371 2117 primorum
2392 2057 2458 2122 pa·

430 2132 559 2186 ternam
581 2121 699 2206 gratis,
721 2121 756 2186 id
774 2131 838 2199 est,
859 2122 933 2185 sine
955 2135 1073 2186 nostra
1091 2122 1371 2205 compensatione.
1467 2131 1595 2185 rentum
1617 2131 1686 2185 tota
1707 2121 1887 2203 posteritas
1908 2142 1967 2185 rea
1999 2122 2043 2184 sit
2075 2130 2109 2184 et
2129 2120 2308 2199 immunda,
2339 2124 2460 2188 subie-

1467 2219 1523 2270 cta
1542 2218 1595 2271 est
1617 2206 1713 2270 morti
1739 2208 1921 2291 corporis,
1942 2218 1977 2270 et
2005 2202 2079 2271 aliis
2109 2208 2275 2272 aerumnis
2296 2205 2462 2275 Ecclesia

518 2287 610 2355 Haec
644 2288 830 2355 consolatio
863 2287 972 2356 luceat
1004 2293 1036 2354 in
1060 2294 1238 2371 mentibus,
1259 2314 1323 2357 nec
1345 2290 1416 2357 lan·
1467 2290 1544 2371 Dei,
1562 2293 1650 2358 sicut
1671 2289 1834 2377 reliquum
1848 2312 1962 2378 ‘genus
1983 2290 2173 2360 humanum.

284 2435 287 2444 .
380 2449 389 2462 μ
431 2376 569 2467 'gualieri
602 2375 700 2442 fidem
728 2378 875 2441 sinamus
906 2399 986 2442 cura
1007 2389 1195 2443 nostrarum
1217 2377 1417 2443 satisfactio·

430 2485 521 2541 num,
552 2483 594 2528 ac
626 2474 720 2527 certo
754 2475 941 2527 statuamus
971 2482 1038 2528 non
1060 2464 1262 2528 adferendos
1284 2485 1362 2530 esse
1382 2468 1416 2529 in
1555 2464 1722 2542 Secunda,
1746 2482 1820 2528 cum
1842 2462 1984 2528 mundus
2007 2463 2196 2528 interiorem
2217 2464 2463 2532 immunditiem

346 2559 351 2568 '
430 2547 514 2617 illud
546 2569 705 2613 arcanum
737 2550 891 2613 iudicium
914 2547 980 2614 Dei
1013 2550 1083 2625 (ubi
1116 2552 1268 2635 angimur
1301 2553 1344 2617 de
1365 2552 1415 2615 ira
1467 2548 1600 2615 humani
1623 2550 1748 2626 cordis,
1779 2550 2002 2615 dubitationes
2024 2550 2066 2613 de
2082 2546 2177 2629 Deo,
2208 2548 2464 2635 neglectionem

430 2635 507 2717 Dei,
530 2631 585 2701 vel
606 2648 714 2699 morte
730 2642 894 2710 aeternat,
917 2649 1052 2699 nostras
1065 2636 1333 2714 satisfactiones,
1355 2638 1415 2701 sed
1467 2634 1545 2715 Dei,
1578 2648 1611 2699 et
1642 2633 1763 2700 multas
1796 2636 1935 2699 vitiosas
1963 2634 2113 2699 llanrmas
2135 2636 2361 2719 cupiditatum,
2387 2658 2463 2703 non

432 2721 541 2788 solum
574 2721 774 2786 sacrificium
807 2718 878 2783 Filii
896 2720 960 2784 Dei
982 2723 1171 2788 intuendum
1194 2743 1284 2800 esse,
1318 2723 1416 2787 buius
1469 2722 1568 2786 ducat
1589 2742 1668 2788 esse
1691 2741 1746 2785 res
1768 2718 1875 2786 aDeo
1898 2722 2083 2801 damnatas,
2102 2733 2135 2787 et
2158 2735 2350 2787 contemnat
2373 2724 2464 2789 iram

432 2809 596 2891 sanguine
629 2809 803 2872 credamus
835 2803 941 2871 deleri
970 2805 1113 2891 culpam,
1145 2819 1178 2872 et
1199 2806 1269 2873 tolli
1288 2827 1415 2892 poenas
1467 2804 1549 2872 Dei:
1594 2806 1643 2870 Ec
1716 2809 1748 2871 ia
1769 2807 1876 2892 magis
1897 2808 2073 2891 premitur,
2106 2808 2184 2892 quia
2211 2804 2282 2871 vult
2302 2805 2403 2873 Deus
2426 2812 2465 2875 in

431 2903 605 2970 aeternas,
639 2889 694 2955 hic
722 2889 885 2956 satisfecit
907 2893 1052 2957 iustitiae
1076 2890 1157 2972 Dei,
1185 2905 1222 2958 ut
1251 2893 1416 2960 lohannes
1450 2890 1624 2958 'Ecclesia
1730 2894 1794 2977 pici
1817 2894 2036 2972 'am1suam,
2066 2905 2099 2957 et
2118 2889 2187 2958 vult
2209 2894 2242 2957 ln
2264 2895 2363 2957 nobis
2387 2916 2466 2960 orn·

431 2980 553 3066 inquit:
577 2977 639 3042 llic
660 2989 713 3043 est
735 2978 923 3062 propitiatio
941 3000 1003 3062 pro
1021 2983 1169 3061 peccatis
1192 2983 1329 3059 nostris,
1353 3002 1417 3046 nec
1469 2983 1567 3044 nibus
1612 2980 1789 3043 oenrtentia
1866 2998 2012 3055 rascere,
2035 2978 2065 3043 l.
2088 2979 2180 3044 Petr.
2202 2979 2234 3042 l.
2257 2980 2420 3046 ludicium
2443 3001 2467 3048 a

390 3091 394 3099 ·
431 3087 493 3152 pro
515 3066 643 3129 nostris
664 3074 803 3142 tantum,
836 3065 897 3129 sed
919 3086 981 3150 pro
1004 3066 1106 3130 totius
1124 3068 1237 3131 mundi
1258 3065 1416 3152 peccatis.
1468 3065 1568 3215 pomo
1590 3003 1655 3130 Dei
1676 3066 1801 3151 incipit.
1844 3063 1926 3130 lteru
1943 3061 2124 3130 Salomon:
2148 3061 2268 3130 Filium
2288 3086 2391 3151 quem
2413 3069 2466 3134 di·

479 3218 485 3230 ,
652 3216 659 3228 ,
1483 3153 1491 3171 ’
1519 3152 1554 3231 't,
1577 3151 1665 3215 corri
1690 3153 1725 3216 it.
2225 3195 2228 3200 -

409 3299 414 3308 ,
517 3235 562 3300 Et
582 3234 752 3318 Triumphi
775 3234 957 3321 descriptio
978 3234 1260 3301 adColossenses
1281 3238 1315 3301 in
1338 3258 1415 3301 con·
1494 3172 1528 3238 81
1665 3173 1688 3236 p

431 3335 552 3408 spectu
573 3323 635 3401 sit,
668 3323 725 3386 ubi
749 3320 874 3410 Paulus
898 3324 1023 3387 diserte
1045 3323 1159 3408 inquit,
1180 3325 1343 3389 victorem
1365 3325 1417 3388 Fi·
1554 3321 1667 3387 Tertia
1700 3342 1822 3402 causa,
1855 3321 1934 3407 qnia
1955 3318 2109 3386 diabolus
2130 3321 2256 3387 maiore
2279 3322 2357 3387 odio
2383 3320 2468 3389 filii

431 3406 511 3474 lium
533 3406 608 3486 Dei,
640 3428 662 3471 a
695 3428 734 3471 se
756 3408 830 3491 ipso
854 3409 1006 3483 domitas,
1040 3419 1075 3473 et
1092 3422 1209 3493 captas
1232 3421 1416 3494 potestates
1467 3407 1544 3487 Dei,
1569 3418 1602 3474 et
1612 3406 1788 3474 Ecclesiae
1810 3410 1917 3486 ardet,
1938 3409 2014 3472 ideo
2036 3409 2203 3472 rabiosius
2226 3421 2409 3494 grassatur
2429 3411 2467 3481 in

431 3492 627 3571 inferorum,
659 3494 782 3558 ducere
815 3495 848 3557 in
879 3493 1071 3578 Triumpho.
1127 3495 1230 3560 liuius
1263 3495 1416 3579 triumphi
1467 3492 1635 3572 Ecclesia,
1656 3512 1796 3560 conatur
1817 3494 1940 3560 multos
1962 3506 2124 3572 evertere,
2142 3495 2265 3559 excitat
2281 3493 2467 3578 haereses,

422 3576 574 3666 gloriain
606 3597 675 3642 non
707 3577 949 3644 transferamus
983 3583 1015 3644 in
1048 3592 1164 3644 nostra
1190 3602 1304 3667 opera.
1347 3581 1417 3645 Fir·
1469 3593 1501 3646 et
1523 3579 1604 3645 lacit
1627 3582 1736 3645 varias
1761 3581 2015 3665 dissipationeS,
2048 3581 2090 3644 de
2118 3580 2182 3645 hac
2205 3600 2308 3645 causa
2331 3582 2467 3650 dictum

432 3667 579 3731 missime
601 3664 700 3749 igitur
722 3665 806 3728 haec
828 3664 1014 3729 consolatio
1031 3668 1173 3731 tenenda
1185 3680 1255 3731 est:
1279 3668 1417 3732 Fideiu·
1469 3680 1523 3733 est
1544 3670 1578 3732 in
1599 3666 1738 3732 Genesi:
1760 3666 1907 3751 Serpens
1928 3666 2092 3730 mordebit
2114 3664 2306 3732 calcaneum
2327 3670 2420 3735 eius.

433 3751 584 3828 stillanti,
606 3770 724 3834 pacem
746 3749 909 3813 habemus
931 3752 1018 3834 apud
1040 3750 1166 3830 Deum,
1198 3753 1231 3824 id
1255 3765 1324 3830 est,
1348 3772 1418 3816 cer·
1535 3801 1537 3805 -

322 3860 330 3872 ·
432 3848 502 3902 tum
524 3848 577 3901 est
597 3839 682 3901 iram
703 3834 767 3899 Dei
789 3832 954 3920 placatam
977 3856 1074 3915 esse,
1107 3850 1140 3902 et
1169 3859 1233 3903 nos
1256 3835 1417 3901 liberatos
1514 3877 1517 3883 -
1557 3837 1694 3916 Quarta,
1716 3838 1913 3921 saepissime
1935 3832 2124 3922 singulares
2145 3834 2276 3922 aliquae
2287 3834 2467 3905 calamita·

433 3920 510 3988 esse
532 3943 553 3987 a
574 3923 692 4007 poenis
710 3922 865 3986 aeternis.
921 3923 1034 3996 Quare
1055 3935 1223 3988 non-sunt
1246 3926 1419 3989 conscien·
1470 3936 1540 4002 teS,
1572 3944 1700 4007 poenae
1722 3935 1799 3987 sunt
1823 3936 1986 3987 certorum
2009 3920 2220 4001 delictorum,
2254 3944 2339 4008 quas
2360 3923 2468 3993 Deus

432 4010 499 4075 tine
527 4010 713 4073 turbandae
735 4009 969 4093 imaginatione
991 4007 1232 4075 lllonachorum
1254 4012 1297 4075 de
1318 4011 1417 4074 satis·
1470 4012 1545 4075 ideo
1578 4011 1704 4096 irrogat
1731 4008 1930 4085 hominibus,
1963 4009 2041 4093 quia
2074 4021 2106 4074 et
2138 4010 2282 4074 iustitiae
2305 4009 2369 4074 Dei
2409 4026 2468 4079 est

433 4091 644 4162 factionibus.
928 4127 937 4143 ·
1180 4128 1183 4136 ·
1388 4159 1392 4170 ,
1469 4097 1589 4182 punire
1609 4107 1763 4180 peecata,
1793 4109 1825 4159 et
1847 4091 1920 4160 vult
1941 4092 2036 4158 Deus
2058 4096 2090 4159 in
2113 4093 2177 4160 hac
2196 4098 2263 4160 vita
2283 4097 2316 4159 in
2340 4094 2467 4183 aliqui·

1472 4185 1534 4247 bus
1568 4179 1729 4265 exemplis
1764 4181 1916 4265 conspici
1937 4183 2020 4246 iram
2042 4202 2154 4260 suam,
2178 4195 2211 4244 et
2232 4183 2353 4246 iustum
2376 4185 2468 4250 iudi·

521 4265 646 4343 Tertio,
674 4262 842 4329 manifesti
864 4286 997 4330 errores
1019 4277 1095 4330 sunt
1117 4267 1150 4329 in
1174 4268 1324 4330 doctrina
1346 4266 1418 4329 lllo·
1471 4269 1558 4332 cinm
1581 4269 1744 4331 adversus
1766 4279 1917 4351 peccata,
1950 4278 1984 4331 et
2005 4264 2077 4336 vult
2098 4270 2251 4332 revocari
2273 4265 2395 4351 lapsos
2419 4270 2467 4335 ad

434 4350 615 4419 nachorem
649 4352 691 4415 de
723 4348 1019 4431 satisfactionibus
1048 4374 1123 4417 cum
1145 4349 1239 4430 alibi,
1274 4367 1340 4434 tum
1365 4353 1418 4417 nto
1470 4354 1715 4438 poenitentiam.
1772 4352 1829 4417 Sic
1861 4351 1972 4417 David
2003 4364 2139 4439 propter
2171 4351 2369 4418 adulterium
2379 4363 2409 4434 ,θ
2430 4368 2467 4423 et

435 4457 568 4528 qnoque
601 4438 689 4524 qnod
724 4436 853 4522 lingunt
887 4459 990 4519 opera
1023 4457 1089 4501 non
1112 4441 1267 4503 mandata
1288 4460 1308 4502 a
1332 4437 1419 4515 Deo,
1470 4440 1635 4523 proditum
1657 4438 1770 4502 Uriam
1794 4442 1920 4503 eiectus
1938 4449 1990 4502 ost
2013 4460 2054 4503 ox
2076 4459 2192 4525 regno.
2215 4438 2378 4518 Manasse
2404 4445 2467 4507 ab·

433 4545 514 4592 esse
536 4521 645 4588 cultus
656 4522 732 4602 Dei,
753 4523 874 4587 mereri
893 4526 1119 4588 renrissionem
1144 4524 1263 4607 culpae
1285 4537 1318 4588 et
1340 4545 1419 4609 poe·
1471 4527 1602 4589 ducitur
1623 4524 1819 4603 inexilium,
1842 4538 1876 4589 et
1899 4524 1940 4587 tle
1963 4528 2108 4588 universi
2131 4522 2244 4610 populi
2269 4525 2391 4604 exilio,
2430 4539 2467 4593 et

434 4631 565 4689 narum,
600 4607 645 4672 Ut
677 4611 777 4673 certis
801 4612 917 4674 diebus
941 4612 1110 4674 abstinere
1131 4630 1152 4673 a
1174 4613 1332 4675 carnibus
1356 4624 1418 4674 etc.
1470 4614 1564 4676 urbis
1586 4607 1813 4697 lerosolymae
1835 4612 1964 4674 excidio
1987 4612 2092 4697 inquit
2114 4611 2269 4676 leremias
2302 4634 2382 4696 cap.
2407 4615 2465 4681 22.

433 4693 535 4763 Talia
563 4715 666 4781 opera
698 4698 884 4760 immediate
916 4696 982 4762 hoc
1011 4696 1077 4760 line
1098 4696 1206 4775 facta,
1239 4708 1419 4780 uiperea
1472 4710 1505 4762 et
1528 4699 1637 4761 dicent
1660 4698 1889 4782 unnsquisque
1910 4699 2061 4779 proximo
2083 4719 2167 4761 sno:
2201 4696 2312 4770 Quare
2337 4700 2391 4763 sic
2416 4698 2467 4767 l'e·

432 4779 531 4850 Dens
564 4780 695 4847 honore
727 4781 915 4861 afficiatur,
950 4793 1072 4847 vocant
1106 4779 1225 4847 cultus.
1293 4780 1420 4847 Contra
1472 4786 1517 4849 cit
1540 4783 1724 4849 Dominus?
1748 4796 1781 4847 et
1798 4783 2063 4867 respondebunt:
2080 4783 2131 4847 Eo
2149 4786 2239 4868 quod
2250 4780 2467 4869 reliquerunt

458 4890 535 4935 narn
567 4870 819 4954 persuasionem
847 4870 990 4933 tenenda
1013 4881 1066 4933 est
1088 4867 1203 4953 regula
1226 4870 1418 4934 verissima:
1470 4882 1604 4954 pactum
1628 4869 1758 4933 Domini
1782 4866 1847 4933 net
1869 4871 1932 4946 sui,
1954 4882 1987 4933 et
2009 4872 2233 4934 adoraverunt
2260 4868 2356 4935 Deos
2381 4871 2466 4940 alie·

434 4891 575 5021 instro
604 4951 717 5018 colunt
746 4975 798 5018 me
819 4957 982 5019 mandatis
1005 4955 1181 5019 hominum.
1225 4955 1298 5019 lloc
1320 4976 1420 5019 unum
1471 4975 1546 5019 nos.
1590 4954 1633 5019 Et
1655 4952 1755 5023 lllich.
1778 4956 1806 5019 7.
1853 4953 1937 5019 lratn
1951 4953 2082 5019 Domini
2101 4960 2255 5039 portabo,
2277 4959 2356 5040 quia
2380 4982 2467 5044 pec·

434 5052 664 5128 argumentum
697 5042 796 5105 etiam
828 5042 911 5106 satis
941 5040 1067 5105 firmum
1090 5050 1142 5105 est
1163 5042 1206 5105 ad
1228 5040 1421 5105 relutamlas
1473 5043 1546 5105 cari
1568 5041 1608 5106 ei.
1652 5039 1778 5105 Psalnr.
1800 5041 1852 5108 88.
1898 5040 2050 5108 Visitabo
2079 5043 2113 5107 in
2146 5044 2240 5129 virga
2266 5044 2466 5129 iniquitates

435 5126 696 5205 satisfactiones,
729 5127 909 5211 dequibus
928 5124 1083 5191 tllonaclri
1105 5125 1301 5213 loquuntur,
1335 5148 1421 5213 quae
1473 5148 1598 5193 eornm.

435 5215 566 5300 quidem
584 5235 626 5278 eo
649 5214 777 5278 maiore
799 5234 879 5277 cura
902 5215 1068 5278 tentandae
1090 5227 1179 5291 sunt,
1198 5216 1421 5299 qniapersua·

436 5301 488 5365 sio
510 5301 558 5364 de·
572 5299 861 5365 satisfactionibus
896 5297 994 5365 valde
1019 5302 1108 5365 auxit
1141 5303 1336 5365 traditiones
1360 5298 1420 5364 hu·
1561 5298 1683 5371 Quinta
1717 5319 1835 5377 causa,
1870 5310 1905 5364 ut
1937 5298 2149 5366 adflictiones
2178 5301 2243 5365 sint
2266 5302 2468 5372 testimonia

435 5405 565 5463 manaS,
587 5398 621 5451 et
642 5386 851 5452 confirmavit
868 5386 1074 5470 opinionem,
1097 5407 1183 5470 qnae
1205 5388 1299 5473 tingit
1321 5408 1423 5473 opera
1475 5386 1665 5464 doctrinae,
1699 5398 1736 5449 ut
1758 5385 1929 5465 lerrrnim,
1961 5386 2128 5473 Baptista,
2150 5408 2216 5451 non
2238 5402 2381 5473 propter
2405 5414 2467 5477 po·

436 5492 512 5538 non
522 5474 679 5540 mandata
701 5494 722 5539 a
744 5472 819 5539 Deo
843 5470 953 5540 cultus
974 5469 1039 5537 Dei
1061 5492 1150 5537 esse.
1476 5469 1746 5539 culiariadelicta
1763 5473 2015 5553 interficiuntur,
2038 5475 2100 5538 sed
2121 5488 2259 5563 propter
2270 5472 2355 5540 alius
2379 5498 2465 5546 cau·
