5892 6709
354 681 358 687 ·
459 678 525 744 ora
1069 672 1181 739 rutro.
1203 670 1304 738 tren.
1327 671 1516 739 situum
1540 670 1817 737 uirorumue.
2286 711 2289 716 -
2364 652 2366 657 '
2417 667 2499 736 nau·

547 864 601 932 De
624 886 729 930 coena
752 862 885 946 Domini
909 884 951 928 cx
969 861 1214 951 Chrysostoum
1236 862 1320 928 satis
1342 870 1446 948 patet,
1466 863 1473 916 l
1497 871 1630 946 sumpta
1651 880 1672 924 a
1694 859 1862 924 veteribus
1884 869 1937 923 est
1958 856 2060 923 uilis.
2093 858 2147 924 De
2167 861 2379 945 dogmatibus
2401 880 2484 942 pau·

462 949 573 1019 nullas
595 948 701 1018 luisse
724 952 870 1034 privatas
892 950 1030 1015 Missas.
1054 948 1220 1014 Describit
1244 949 1330 1014 euim
1375 968 1445 1012 res·
1497 967 1539 1010 ea
1570 947 1716 1029 scripsit.
1760 946 1936 1009 Adversus
1958 944 2162 1014 loviuiauum
2187 945 2283 1011 valde
2306 943 2484 1010 coufirmat

463 1043 614 1127 byterum
649 1050 790 1103 stantem
816 1038 859 1100 ad
881 1057 991 1115 nram,
1024 1048 1057 1100 et
1079 1050 1254 1101 vocantem
1273 969 1443 1120 popuiurm
1495 1029 1603 1096 tatas
1636 1043 1671 1096 et
1703 1032 1955 1114 superstitiosas
1977 1033 2152 1115 opiniones
2181 1033 2225 1096 de
2246 1032 2483 1097 traditionibus

462 1138 498 1191 ut
519 1126 658 1193 accedat
681 1125 726 1189 ad
748 1125 1020 1188 coniurauioneru.
1496 1117 1658 1182 huurauis.
1714 1115 1887 1201 vituperat
1919 1119 2131 1202 coniugium,
2174 1131 2208 1183 et
2239 1115 2485 1183 contumeliosa

1466 1192 1646 1268 loratione
1690 1202 1896 1280 insectatur,
1936 1224 2023 1288 quae
2054 1224 2262 1289 nequaquam
2296 1205 2398 1289 digua
2430 1215 2486 1268 est

551 1296 584 1360 lu
608 1293 721 1360 libello
744 1296 786 1357 de
807 1294 967 1379 ‹ligiritate
984 1293 1162 1359 sacerdotii
1181 1293 1444 1357 eruditediseer-
1466 1296 1472 1376 ξ
1496 1288 1696 1355 Ciuistiauo.
1741 1286 1983 1374 Colligit‘malc
2005 1292 2153 1354 detortas
2186 1289 2485 1359 senteutiasSerl·

463 1386 511 1448 nit
532 1380 661 1447 ciuilem
684 1393 717 1444 et
741 1379 1009 1445 lire-lesiusticuru
1033 1392 1244 1463 potestatem,
1267 1390 1365 1463 negat
1382 1376 1443 1442 Ec·
1466 1381 1471 1422 ¹
1494 1389 1623 1461 ptume,
1646 1373 1742 1460 qrmsi
1766 1377 1951 1458 ritupereut
1974 1377 2173 1460 coniugium,
2206 1387 2259 1441 ut:
2302 1378 2339 1456 Si
2362 1395 2486 1441 secen-

464 1467 684 1534 olrsiastieam
708 1463 831 1531 hahere
853 1470 925 1531 eius
947 1468 1123 1531 coercendi
1147 1466 1179 1529 ri
1202 1463 1379 1549 corporali.
1495 1463 1573 1526 dum
1596 1481 1729 1524 carraeru
1752 1462 1911 1539 riseritis,
1934 1464 2126 1539 interieruiui,
2148 1475 2181 1526 et
2203 1459 2347 1543 stipites,
2370 1474 2405 1526 et
2425 1481 2485 1526 es·

839 1557 847 1566 ’
1495 1567 1615 1633 presse
1635 1548 1727 1624 dicit,
1750 1568 1818 1610 uon
1842 1546 1974 1612 dihhrre
1995 1550 2391 1613 arrrererrieeuubentem
2406 1557 2487 1633 post

1495 1634 1663 1700 secundas
1697 1635 1840 1716 nuptias.
1897 1634 2000 1710 lteru,
2028 1626 2247 1719 spectandum
2280 1655 2380 1709 csse,
2414 1653 2487 1699 non

1495 1720 1574 1806 quid
1606 1717 1769 1783 eoueeriat
1802 1717 1907 1798 Deua,
1940 1721 2002 1784 sed
2035 1721 2114 1805 quid
2130 1719 2233 1798 uelit,
2267 1722 2363 1806 quasi
2385 1717 2487 1784 Deus

798 1797 861 1880 De
893 1798 1124 1879 Ambrosio,
1496 1826 1562 1869 riou
1586 1802 1666 1869 velit
1688 1805 1889 1891 cntriugiuur.
1935 1805 2109 1871 Postremo
2143 1808 2276 1873 ethnico
2298 1826 2393 1872 inore
2415 1801 2487 1870 eol·

1128 1965 1130 1970 Ι
1496 1888 1568 1976 ltgtt
1586 1888 1739 1978 vulgaria
1762 1891 1912 1955 convictu
1946 1886 2050 1956 sexus
2085 1891 2267 1972 muliebris,
2301 1907 2335 1958 et
2368 1895 2486 1958 coniu-

1497 1978 1553 2062 gii,
1587 1979 1629 2041 de
1663 1979 1782 2062 quibus
1805 1975 2015 2043 Christianus
2038 1976 2139 2066 lunge
2160 1976 2256 2044 aliter
2277 1982 2404 2044 sentire
2426 1981 2489 2043 tio·

550 2063 674 2134 hluhas
697 2057 819 2130 causas
840 2066 972 2157 attingit
994 2066 1204 2142 Ambrosius,
1224 2060 1380 2129 videlieet
1403 2065 1445 2127 de
1499 2066 1563 2140 bet,
1597 2064 1652 2148 qui
1685 2065 1751 2127 scit
1779 2085 1916 2128 causam
1948 2064 2149 2130 infirmitatis
2176 2067 2209 2129 in
2231 2072 2377 2151 utroque
2398 2085 2489 2129 sexu

464 2146 634 2229 Trinitate‚
657 2164 773 2215 eorum
796 2151 1022 2234 Nepotianus,
1044 2152 1085 2214 de
1114 2150 1358 2214 iustificatione.
1403 2148 1445 2214 Et
1497 2169 1575 2213 esse
1599 2161 1736 2213 naturae
1760 2151 2026 2233 ernruptioueru,
2060 2164 2225 2216 ettamen
2254 2151 2490 2237 propterDe·

464 2260 651 2327 quanquam
674 2239 706 2301 iu
730 2239 972 2301 commentariis
995 2238 1158 2302 interdum
1181 2233 1357 2300 dissimiles
1370 2256 1445 2301 seu·
1468 2258 1474 2329 p
1498 2256 1552 2299 utu
1575 2237 1670 2299 sexui
1694 2236 1902 2299 utbuemmm
1925 2257 2003 2301 esse
2026 2234 2204 2316 honorent,
2234 2250 2268 2302 et
2289 2260 2365 2304 euru
2389 2236 2491 2301 heus

451 2327 586 2395 ,tentiae
619 2324 845 2409 reperiuntur,
878 2325 933 2407 qui
966 2344 1032 2387 nou
1064 2336 1130 2385 tam
1157 2326 1201 2387 ab
1224 2324 1297 2408 ipsu
1320 2323 1445 2408 scripti,
1498 2342 1564 2385 uon
1597 2319 1721 2385 frustra
1744 2323 1929 2386 corrriidcrit
1952 2321 2198 2400 irenaceorum,
2230 2324 2491 2411 agnoscendum

463 2435 561 2499 quoru
584 2413 626 2475 ah
649 2409 723 2475 aliis
741 2412 889 2492 eucerpti
911 2429 989 2473 esse
1010 2409 1174 2488 videntur,
1192 2422 1300 2486 tarrren
1320 2407 1459 2495 perspi·
1497 2427 1574 2471 esse
1608 2428 1693 2492 opes
1718 2406 1790 2485 het,
1822 2421 1856 2472 et
1885 2409 2124 2473 ordinationem
2157 2411 2300 2475 divinam
2321 2407 2491 2498 magnifa-

462 2520 560 2564 ouum
594 2507 646 2561 est
678 2516 721 2560 es
743 2498 814 2560 eius
837 2492 1044 2581 longioribus
1067 2496 1347 2580 disputationibus
1369 2515 1445 2559 seu·
1498 2495 1658 2558 ciendam.
1702 2491 1774 2558 Nec
1806 2505 1859 2558 est
1892 2497 1999 2559 ruiuur
2030 2495 2204 2560 infirmitas
2237 2498 2424 2562 animorum
2455 2497 2492 2559 iu

463 2587 648 2662 sissekeuui
671 2584 713 2646 de
735 2583 894 2669 gratiaet
916 2584 957 2646 de
984 2581 1237 2661 iustificatione,
1270 2582 1360 2668 quod
1381 2601 1446 2646 nos
1499 2581 1592 2658 uiris,
1615 2582 1648 2644 iu
1670 2581 1827 2666 negotiis,
1851 2601 1936 2664 quae
1956 2582 2034 2644 viris
2059 2584 2237 2646 commissa
2260 2597 2354 2660 sunt,
2391 2583 2493 2647 Chri·

463 2671 632 2736 docemus.
1499 2667 1627 2729 stianus
1658 2680 1770 2731 autent
1802 2678 1938 2749 propter
1963 2666 2067 2731 licetur
2091 2665 2155 2732 fert
2178 2679 2211 2732 et
2233 2670 2361 2756 mitigat
2384 2671 2492 2734 irnbc·

1498 2748 1666 2816 cillitatem
1701 2754 1732 2817 in
1766 2752 1869 2817 suciis
1893 2754 1989 2818 huius
2011 2757 2099 2818 uitae
2127 2754 2283 2819 divinitus
2306 2756 2492 2832 adiunctis,

548 2840 584 2904 id
607 2851 749 2904 testatur
770 2835 922 2922 Epistula
944 2838 987 2900 ad
1010 2836 1180 2902 irenaeum
1194 2839 1235 2902 de
1248 2835 1387 2902 Paulino
1400 2838 1446 2902 dl·
1499 2851 1532 2903 et
1554 2838 1798 2903 cohaeredibus
1819 2853 1975 2903 aeternae
1998 2836 2136 2925 gloriae,
2159 2853 2193 2905 et
2210 2843 2399 2906 scitDeum
2418 2840 2493 2907 rel·

465 2940 541 2993 oto:
586 2925 656 2989 Lex
679 2926 760 2988 iram
784 2923 898 3000 eflicit,
919 2922 1067 3007 Epistola
1090 2925 1143 2986 71.
1172 2926 1227 2989 uhi
1249 2927 1299 2987 sie
1329 2928 1446 3010 iuquit:
1468 2885 1476 2970 i
1497 2923 1542 3004 le,
1571 2936 1607 2988 ut
1640 2922 1715 2987 illas
1739 2946 1907 3003 curremus,
1940 2939 2094 3011 tauquam
2119 2942 2245 3011 partem
2268 2931 2405 3013 generis
2427 2927 2494 2994 bu·

462 3011 513 3078 Ex
536 3014 694 3095 operibus
707 3010 807 3096 Legis
825 3030 922 3074 iterato
945 3010 1151 3088 iustihcatur,
1175 3011 1206 3073 id
1230 3022 1294 3089 est,
1317 3033 1378 3096 per
1400 3009 1447 3074 ie·
1498 3010 1603 3086 urani,
1639 3031 1706 3073 uun
1739 3012 1958 3094 despiciauuts
1981 3010 2155 3077 llinhoiica
2177 3017 2344 3096 superbia.
2392 3015 2494 3080 Haeo

463 3120 538 3186 gem
560 3108 735 3183 peceatum
758 3098 991 3182 cogrruscitur‚
1025 3097 1085 3160 sed
1109 3094 1208 3180 eulpa
1231 3118 1295 3161 non
1319 3096 1447 3161 relaxa·
1498 3110 1598 3182 atque
1620 3092 1685 3161 alia
1708 3097 1739 3159 in
1763 3096 1850 3160 haue
1876 3100 2075 3163 senteutiam
2105 3100 2138 3164 in
2161 3099 2350 3164 Cluistiaua
2373 3101 2509 3186 diepa.

461 3195 526 3250 tur.
572 3183 720 3247 Veniens
741 3180 1127 3267 igituriloruhurslesus
1150 3196 1322 3267 peceatum
1344 3184 1447 3247 omui·
1498 3187 1624 3247 tatione
1656 3184 1767 3268 potius
1801 3184 1940 3248 dicenda
1972 3197 2084 3264 erant,
2118 3206 2216 3270 quam
2248 3183 2306 3249 illa
2327 3186 2495 3255 scurrilia

463 3272 539 3349 bus,
560 3271 652 3356 quod
675 3289 772 3335 trerrto
795 3280 925 3356 poterat
947 3271 1083 3347 euitare,
1101 3272 1249 3348 durrarit,
1284 3281 1316 3334 et
1339 3269 1447 3333 chiro·
1499 3269 1652 3335 curtricia
1674 3288 1776 3334 sexus
1798 3282 1831 3335 et
1849 3271 1980 3335 diriuae
2002 3272 2231 3337 ordinationis.

491 3358 628 3441 ruphum
650 3369 801 3421 nostrum
833 3357 883 3419 sul
919 3357 1090 3438 sanguinis
1120 3356 1283 3421 effusione
1316 3353 1451 3435 delerit,¹

462 3376 529 3506 hoc
551 3454 615 3520 est,
637 3444 725 3528 quod
747 3444 868 3527 inquit:
887 3441 1175 3528 Superulnrudevit
1191 3453 1364 3524 peecatum
1386 3462 1448 3527 per
1486 3463 1489 3467 ·
1584 3439 1636 3507 Da
1659 3441 1850 3506 discrimine
1873 3444 2021 3507 ciborum
2043 3442 2157 3509 laudat
2178 3445 2260 3509 ritus
2282 3445 2357 3510 siue
2380 3449 2494 3513 verbu

461 3525 584 3614 legem,
617 3530 900 3612 superabundavit
920 3530 1027 3610 gratia
1055 3550 1115 3610 per
1137 3528 1245 3593 iesum
1267 3528 1448 3601 Christum,
1497 3526 1562 3592 Dei
1593 3528 1774 3606 institutos,
1807 3540 1963 3613 tauquam
1996 3527 2106 3595 cultus
2127 3528 2204 3610 Dei,
2236 3529 2305 3595 imo
2326 3543 2496 3620 tauquam

463 3616 550 3679 sieut
573 3611 736 3677 iulrauues
759 3615 878 3699 iuquit:
920 3613 1141 3699 ceccupius
1163 3614 1245 3691 Dei,
1278 3616 1336 3700 qui
1363 3612 1447 3679 tollit
1497 3611 1746 3700 perfectionem.
1790 3612 1942 3679 Ridicula
1974 3636 2040 3681 rex
2067 3628 2131 3694 est,
2165 3638 2263 3702 quam
2297 3620 2407 3702 ponte
2456 3622 2494 3688 Si

464 3710 605 3787 peccatu
629 3712 692 3763 ete.
718 3699 796 3763 ideo
822 3719 916 3763 neruo
939 3697 1100 3784 glorietur
1123 3703 1154 3764 iu
1177 3701 1346 3782 operihuS,
1369 3701 1446 3785 quia
1498 3702 1550 3765 vis
1573 3696 1855 3784 per-iectusesse,
1889 3703 2012 3766 boumn
2046 3717 2099 3767 est
2131 3705 2243 3768 riuum
2265 3725 2332 3768 nou
2359 3707 2494 3786 bibere,

463 3807 561 3852 urruo
584 3783 683 3849 lactis
705 3788 777 3851 suis
798 3786 1008 3863 iustihcatur,
1031 3788 1090 3850 sed
1113 3788 1168 3873 qui
1191 3788 1299 3850 iustus
1313 3797 1376 3863 est,
1388 3787 1447 3848 do·
1498 3798 1532 3851 et
1565 3806 1699 3850 caruem
1729 3806 1796 3850 uon
1830 3788 2052 3865 urauducare,
2085 3790 2141 3853 ubi
2164 3788 2252 3853 male
2274 3793 2418 3857 detorsit
2443 3795 2494 3859 di·

465 3886 579 3938 natum
612 3870 723 3949 hahet,
756 3872 833 3958 quia
868 3892 929 3956 per
950 3870 1121 3938 Christum
1153 3873 1350 3938 iustitieatus
1384 3882 1447 3936 est.
1499 3884 1586 3936 ctum
1601 3870 1706 3948 Pauli,
1728 3874 1783 3958 qui
1802 3894 1877 3939 curru
1900 3875 2021 3959 inquitz
2044 3874 2173 3939 Bonum
2196 3891 2248 3942 est
2270 3898 2407 3942 ceratem
2421 3900 2493 3945 rrou

426 3984 428 3988 ⁴
462 3959 562 4024 Fides
596 3977 679 4043 ergo
703 3970 770 4039 est,
805 3979 891 4042 qttoe
914 3955 1032 4024 liberat
1055 3980 1115 4042 per
1136 3958 1330 4041 sartguiueur
1353 3955 1448 4023 Chri·
1498 3960 1611 4035 edere,
1633 3958 1735 4036 addit,
1755 3959 1783 4020 si
1807 3955 1900 4023 fratri
1924 3974 2043 4025 noceat
2066 3959 2262 4047 exerrrpium.
2307 3962 2395 4029 Cum
2432 3989 2493 4033 au·

461 4046 517 4121 sti,
539 4045 616 4130 utria
640 4047 757 4110 heatus
779 4040 848 4125 iile,
870 4046 1109 4130 ceipeceaturn
1127 4046 1313 4122 recuratur,
1335 4058 1368 4109 et
1392 4064 1448 4111 re·
1468 4020 1474 4072 ¹
1498 4056 1564 4109 tem
1588 4064 1729 4109 raecesso
1751 4046 1804 4123 sit,
1827 4043 1913 4110 tales
1936 4050 2190 4132 superstitiones
2213 4050 2246 4113 iu
2258 4048 2418 4116 Ecclesia
2438 4067 2505 4120 re··

461 4135 517 4197 nia
537 4133 691 4198 donatur.
1497 4129 1669 4216 prehendi,
1702 4130 1833 4216 pariunt
1867 4132 1952 4197 euim
1986 4132 2072 4197 aiios
2094 4132 2388 4217 turritoserrores,
2409 4160 2493 4226 pru·

1499 4217 1617 4281 deuter
1649 4217 1691 4281 de
1715 4214 1780 4282 illis
1804 4219 2051 4285 inconsiderate
2069 4221 2165 4285 dictis
2187 4223 2400 4289 iudicandum
2424 4238 2490 4293 est·

548 4301 592 4367 Et
624 4298 750 4368 sinrilea
790 4302 975 4368 sententiae
1009 4298 1134 4385 aliquot
1168 4302 1377 4384 reperiuntur
1413 4304 1447 4367 in
2347 4301 2350 4306 ’

463 4388 538 4455 aliis
571 4385 656 4455 locis
689 4388 776 4471 apud
801 4386 889 4452 huuc
918 4389 1129 4471 scriptorem,
1152 4400 1187 4453 ut
1206 4390 1248 4452 de
1271 4389 1448 4454 vocatione
1586 4386 1621 4451 ln
1644 4387 1779 4476 dialogo
1803 4400 1921 4490 oontrq
1943 4387 2112 4478 Pelagium
2136 4406 2228 4458 reete
2251 4396 2412 4479 disputat,
2435 4417 2491 4463 re·

464 4474 622 4561 gentium.
666 4473 746 4538 item
780 4475 822 4538 ad
846 4472 1093 4539 Demetriadem
1116 4474 1289 4559 uirginem,
1321 4474 1378 4540 ubi
1401 4477 1447 4540 iu·
1498 4474 1709 4540 novationem
1734 4495 1800 4540 uon
1822 4475 1893 4540 fieri
1915 4479 2043 4542 lautum
2069 4480 2194 4545 rit-ihus
2228 4479 2322 4546 liberi
2346 4483 2491 4563 arbitrii,

463 4561 547 4645 quite
564 4558 637 4625 Nee
659 4562 703 4623 oh
725 4557 815 4624 uliud
834 4562 932 4625 datur
955 4573 1178 4644 praeerptum,
1207 4562 1268 4625 uisi
1292 4573 1326 4625 ut
1350 4581 1450 4646 quae·
1498 4561 1559 4626 sed
1578 4580 1664 4649 opus
1686 4581 1765 4628 esse
1787 4559 1909 4626 auxilio
1931 4564 2071 4647 Spiritus
2094 4568 2211 4631 sancti.
2257 4566 2365 4633 Recte
2388 4571 2509 4636 etlam,

463 4658 556 4711 ratur
579 4646 811 4731 praecipientis
833 4644 1002 4712 auxilium.
1059 4644 1235 4711 Caeterum
1259 4648 1331 4713 eius
1353 4646 1448 4712 titulo
1499 4661 1598 4735 negat
1612 4648 1757 4717 Sanctus
1780 4669 1857 4712 esse
1879 4650 1952 4713 siue
1973 4664 2133 4734 peceato,
2155 4664 2189 4717 et
2211 4655 2302 4738 ponit
2323 4676 2489 4723 memora·

464 4742 578 4797 extant
600 4735 761 4819 quaedam
784 4733 1058 4820 praeparationes
1081 4734 1123 4797 ud
1146 4733 1296 4810 Missam,
1329 4744 1362 4797 et
1383 4731 1450 4798 alia
1498 4732 1566 4799 bile
1588 4734 1724 4802 dietum:
1747 4733 1842 4799 Tune
1864 4736 1941 4800 iusti
1963 4757 2099 4813 seruus,
2121 4742 2256 4824 quaudo
2279 4760 2343 4805 uos
2366 4761 2489 4827 peeca-

463 4818 625 4904 quaedam
644 4819 764 4900 iuauia,
781 4839 867 4906 quae
885 4821 1040 4886 videntur
1061 4838 1139 4884 esse
1160 4819 1387 4908 suppositieia.
1499 4831 1591 4885 tores
1614 4839 1692 4884 esse
1713 4816 1872 4901 latemur,
1908 4834 1941 4886 et
1969 4823 2092 4887 iustitia
2115 4836 2230 4889 uestra
2254 4846 2320 4889 non
2346 4847 2388 4892 ex
2411 4848 2490 4915 pro·

1498 4906 1570 4992 prio
1602 4907 1739 4986 merito,
1784 4908 1845 4972 sed
1875 4928 1916 4972 ex
1951 4908 2013 4973 Dei
2050 4909 2279 4977 misericordia
2312 4915 2488 5004 contingit.

1499 4993 1566 5057 Sed
1589 5003 1709 5097 postea
1732 5013 1797 5057 uon
1820 4995 1903 5059 satis
1927 4996 2021 5074 dicit,
2052 5010 2194 5080 peecata
2216 4996 2419 5065 Sanctorum
2442 5003 2490 5067 in·

1425 5103 1427 5108 ’
1498 5074 1603 5165 telligt
1626 5079 1669 5144 de
1690 5077 1877 5145 actualibus
1899 5082 2065 5166 peremis,
2095 5096 2131 5147 ut
2153 5083 2293 5149 flammis
2315 5081 2489 5153 ilbhlluura

768 5151 834 5238 De
863 5153 1129 5265 Hieronymo.
1499 5175 1556 5230 aut
1578 5165 1779 5244 iracundiae,
1802 5177 1835 5232 et
1857 5167 2031 5247 sirniiihns,
2051 5190 2122 5234 nou
2144 5166 2299 5258 intelligit
2319 5173 2365 5238 de
2387 5174 2490 5241 luter·

1499 5252 1590 5332 iore,
1622 5262 1656 5316 et
1689 5265 1848 5339 perpetua
1870 5254 2086 5335 dubitatione,
2109 5256 2302 5336 sei-irritata,
2330 5261 2489 5347 eoncupi-

1499 5339 1637 5403 scentia.
1671 5335 1812 5406 Constat
1833 5339 1934 5427 igitur
1956 5338 2079 5408 multos
2101 5363 2179 5408 esse
2200 5344 2396 5433 inscriptis
2413 5347 2490 5416 llio·

475 5469 477 5474 -
547 5423 772 5515 meronynua
801 5425 835 5491 in
858 5424 1072 5489 versionibus
1092 5418 1203 5488 utilem
1226 5442 1362 5510 operam
1384 5421 1449 5490 Ee·
1499 5422 1629 5511 ronymi
1651 5444 1718 5490 uon
1741 5425 1882 5514 exiguos
1905 5423 2034 5514 lapsus.

461 5508 589 5578 alasiae
607 5513 753 5592 navarit,
770 5522 805 5579 ct
826 5529 1015 5601 quanquam
1049 5509 1278 5577 enarrationes
1301 5509 1450 5598 Prophe·

462 5608 570 5665 tarum
598 5610 678 5666 sunt
709 5612 846 5677 tenues,
885 5607 996 5664 tannen
1030 5595 1242 5663 ilistoriarum
1273 5593 1451 5685 explicatio
