5892 6709
463 624 527 690 rut
716 654 718 660 ·
995 619 999 626 '
1097 617 1210 684 Plllb.
1232 616 1337 686 lllEh·
1354 615 1546 686 sortiris
1560 612 1843 682 noetianos,
2267 603 2281 614 ⁶
2369 671 2372 678 .
2412 615 2480 683 2⁰8

464 814 548 879 dens
571 810 740 895 eos,=qui
772 808 949 874 detrahunt
969 809 1180 874 autoritatem
1201 807 1360 894 gradibus
1382 827 1443 894 gu·
1495 806 1538 872 de
1570 802 1718 872 articulis
1742 805 1835 884 fidei,
1868 815 1902 870 at
1924 814 2014 869 recte
2036 805 2079 870 de
2100 804 2298 869 remissione
2319 815 2479 890 peccato-

463 900 676 965 beruatorum
705 907 739 963 et
770 895 956 976 eruditioni,
985 896 1122 980 oponit
1154 894 1322 961 contraria
1344 894 1444 960 etiam
1495 913 1569 958 rum
1602 893 1726 972 docuit,
1743 902 1857 956 tamen
1888 891 2022 968 miscuit
2040 888 2203 975 stiprdas,
2233 890 2481 958 invocationem

462 982 545 1050 nihii
575 984 621 1049 ad
653 1002 723 1047 rem
752 979 916 1048 facientia.
976 981 1008 1046 N
1043 977 1066 1044 il
1087 978 1167 1045 iacit
1188 981 1322 1045 adrem
1343 978 1443 1045 locus
1495 989 1716 1057 mortuorum,
1749 988 1783 1041 et
1805 977 2073 1063 superstitiosam
2095 977 2365 1042 observationem
2384 987 2481 1044 voto·

462 1070 621 1156 Episcopi
643 1082 702 1135 aut
722 1066 959 1154 Philosophiae
982 1067 1139 1154 cognitio,
1171 1066 1294 1145 Audio,
1327 1067 1443 1152 inquit,
1495 1086 1577 1129 rum.
1600 1061 1741 1130 Multum
1763 1064 1849 1128 enim
1871 1060 2012 1145 singulis
2034 1061 2238 1147 temporibus
2259 1059 2351 1128 valet
2395 1059 2482 1129 ubli·

394 1225 397 1233 ,
464 1155 533 1223 Sed
555 1157 652 1221 etiam
675 1150 757 1221 nihil
778 1151 858 1220 iacit
879 1155 924 1219 ad
946 1175 1016 1219 rem
1038 1152 1163 1239 gradus
1185 1151 1317 1219 iniimus
1339 1151 1443 1217 homi·
1496 1150 1631 1216 cneius
1654 1150 1771 1215 aetatis
1792 1149 1996 1234 persuasio,
2009 1167 2104 1299 guae
2157 1147 2328 1234 lernmque
2350 1147 2482 1235 aiquid

463 1244 516 1307 nis
536 1243 669 1329 privati,
690 1252 748 1307 aut
769 1240 900 1306 inscitia
920 1237 1101 1305 literarum.
1169 1277 1175 1286 -
1495 1237 1620 1302 erroris
1642 1237 1761 1300 miscet
1782 1236 1964 1300 doctrinae.
2037 1235 2080 1298 ed
2145 1254 2183 1298 es
2208 1253 2342 1299 errores
2361 1235 2482 1321 depre-

1494 1319 1593 1387 hendi
1616 1333 1649 1386 et
1671 1321 1841 1386 emendari
1861 1332 2016 1472 possunt,
2039 1341 2115 1385 cum
2137 1319 2264 1385 reditur
2286 1321 2330 1386 ad
2351 1318 2480 1402 fontes,

549 1430 735 1515 Utrumque
756 1449 837 1494 vere
858 1430 989 1508 dicitur,
1011 1430 1089 1534 quia
1110 1428 1167 1494 hic
1188 1428 1225 1493 iit
1246 1429 1368 1493 mentio
1391 1448 1442 1492 re-
1494 1409 1528 1472 ld
1551 1419 1620 1486 ⁹⁸⁸2
1651 1408 1696 1472 ad
1716 1409 1843 1494 ⁸0¹¹'llta
1892 1405 2066 1492 mihilica
2087 1415 2121 1471 ‘l
2138 1402 2352 1492 AP⁰⁸l⁰¹l⁰⁸2
2382 1419 2416 1473 θῐ
2435 1406 2481 1473 ⁸⁴¹

462 1512 1443 1602 ¹³¹⁰¹²¹¹0<¹
1496 1492 1668 1581 amn

392 1670 395 1680 .
1431 1645 1442 1679 5

460 1710 525 1756 seu
555 1703 592 1755 ut.
623 1648 749 1754 causae
783 1689 980 1755 adiuvantes
1012 1689 1121 1753 minus
1148 1682 1370 1774 principales,
1406 1697 1443 1751 ιιι

460 1775 555 1841 Deus
587 1776 686 1840 toties
719 1775 892 1860 praecipit,
923 1786 959 1840 ut
981 1775 1101 1839 doctor
1122 1795 1184 1839 seu
1206 1775 1303 1839 iudex
1325 1774 1357 1837 in
1379 1771 1443 1835 Ec·

463 1861 568 1927 alesia
601 1861 645 1925 sit
666 1861 834 1940 eruditus,
867 1860 933 1927 hoc
954 1872 1019 1939 est,
1041 1872 1133 1926 recte
1154 1860 1304 1924 didicerit
1321 1860 1442 1923 doctri·

461 1968 539 2013 nam
571 1944 768 2026 coelestem,
800 1959 838 2012 ut
864 1945 1054 2013 Malachiae
1074 1947 1106 2013 2.
1130 1946 1254 2033 Legem
1276 1945 1442 2031 requiram

463 2055 504 2099 ex
527 2054 587 2099 ore
609 2034 814 2099 Sacerdotis.
858 2031 901 2097 Et
932 2032 1051 2098 hiatth.
1092 2033 1141 2099 13.
1183 2034 1240 2100 Sic
1257 2033 1318 2114 erit
1334 2033 1441 2096 omnis

463 2121 581 2186 Scriba
605 2122 735 2185 duatus.
779 2117 823 2183 Et
842 2121 886 2184 ad
915 2118 1139 2185 Timotheumr
1180 2118 1370 2205 Episcopus
1400 2118 1443 2182 sit

462 2207 603 2271 idoneus
621 2208 667 2271 'ad
691 2206 886 2271 docendum.
932 2204 1051 2271 Obtem
1076 2226 1208 2271 eremus
1231 2207 1330 2292 ig'qur
1351 2224 1442 2268 man·

461 2293 548 2356 dantis
571 2289 652 2372 Dei,
685 2304 719 2358 et
752 2311 953 2386 quaeramus
972 2312 1014 2356 ac
1035 2229 1197 2380 eligamus
1221 2292 1338 2357 doctos
1361 2291 1442 2355 iudi·

464 2399 520 2443 ces
543 2380 667 2461 potius,
690 2399 787 2464 quam
809 2379 974 2443 indoctos.
1018 2379 1104 2443 Nam
1127 2389 1161 2443 et
1176 2378 1296 2443 horum
1311 2375 1441 2462 aliquos

1582 1645 1676 1712 llaec
1696 1647 1845 1726 recitavi,
1868 1656 1904 1712 ut
1925 1647 1967 1711 de
1990 1643 2186 1712 certitudine
2206 1647 2400 1734 dogmatum
2412 1667 2501 1729 cta-2

1495 1735 1652 1821 gitantes,
1675 1752 1873 1819 quaeramus
1895 1733 1984 1798 ande
2004 1734 2048 1797 sit
2071 1733 2250 1812 certitudo,
2279 1744 2313 1798 et
2335 1753 2481 1819 quoram

1496 1820 1692 1885 testimoniis
1714 1820 1902 1885 adiuvetur.
1946 1817 2009 1883 Est
2030 1819 2117 1883 euim
2141 1817 2305 1884 certitudo
2328 1821 2402 1884 exi
2446 1821 2478 1884 is

1495 1905 1592 1971 dictis
1615 1927 1636 1970 a
1657 1903 1733 1970 Deo
1752 1905 1898 1983 traditis,
1932 1907 2052 1990 quibus
2079 1904 2171 1969 addit
2192 1906 2415 1976 testimonias
2445 1927 2482 1974 tt·

1495 1993 1620 2057 stribus
1642 1988 1825 2070 miraculis,
1848 2002 1885 2055 ut
1906 1991 2162 2056 resuscitatione
2184 2002 2409 2067 mortuorum,
2441 2000 2482 2058 ci

1495 2076 1580 2155 aliis,
1603 2099 1742 2164 qnorum
1766 2077 1931 2142 dictorum
1953 2078 2065 2141 nativa
2086 2077 2251 2141 sententia
2273 2077 2480 2162 exproprie-

1493 2176 1563 2229 tate
1586 2166 1782 2243 verborum,
1815 2173 1849 2226 et
1871 2184 1914 2227 ex
1942 2160 2120 2226 collatione
2142 2160 2417 2248 Prophetirarum
2446 2175 2480 2229 ct

1494 2247 1764 2334 apostolicarum
1787 2250 1984 2313 concionum
2006 2249 2090 2313 sumi
2109 2259 2230 2332 potest.
2260 2245 2305 2312 Et
2326 2269 2402 2313 curu
2423 2249 2478 2315 bh

1495 2333 1708 2421 diatisaliqua
1720 2347 1812 2399 certa
1823 2333 2480 2419 etperspicuatestimoniasymbolorum

462 2462 588 2530 habere
606 2465 767 2550 Spiritum
785 2475 949 2541 sanctum,
972 2484 1039 2529 non
1063 2467 1196 2530 dubium
1219 2478 1288 2544 est,
1319 2464 1370 2527 Ac
1392 2460 1442 2526 lo·
1495 2425 1763 2507 ⁸⁰Pr⁰b³t⁰¹¹¹¹¹¹
1793 2423 2006 2506 s⁰flpl⁰s¹¹¹¹¹2
2027 2417 2478 2505 quAP⁰⁸¹⁰l⁰⁵⁸¹¹l0⁰fflffl

463 2572 548 2637 quor
570 2551 612 2615 a
630 2552 739 2616 uoce
757 2551 790 2616 a
812 2548 980 2630 metesa
1001 2551 1070 2617 1100
1092 2564 1153 2623 <a
1173 2553 1215 2616 a
1237 2553 1288 2630 ¹¹⁵2
1312 2551 1367 2636 ,a
1389 2569 1443 2653 rr·
1495 2503 2479 2677 stultissimistit't'tttnittsffittiiiii

462 2650 516 2703 cle
539 2638 723 2702 didioemn‘
744 2638 926 2755 d9⁰¹¹l¹¹²l¹¹¹
950 2633 1140 2740 ⁰9⁰l⁰⁸⁸⁰¹¹¹’
1169 2649 1203 2703 et
1223 2649 1336 2702 amam
1357 2656 1442 2699 Μ’
1494 2691 1549 2744 tur
1560 2691 1593 2744 et
1604 2681 1716 2744 nativa
1727 2676 1971 2766 significatione
1982 2680 2148 2743 sermonis
2156 2677 2267 2756 divini,
2279 2679 2479 2743 etadiuvan·

460 2734 573 2802 ’ΜΨ
595 2735 628 2787 et
649 2726 738 2787 b⁰¹¹⁰
757 2722 867 2785 ⁵t⁰d¹⁰
889 2735 1055 2807 mqmmm
1077 2745 1162 2803 ‘am’
1186 2734 1219 2787 et
1240 2721 1343 2809 ¹⁰¹¹g⁰
1364 2743 1440 2799 Μ’
1494 2777 1548 2830 tur
1579 2766 1751 2830 veteribus
1783 2766 1996 2836 testimoniis,
2032 2775 2065 2828 et
2098 2766 2174 2850 quia
2200 2784 2267 2828 non
2289 2761 2479 2829 anteferunt

462 2823 497 2913 et
530 2809 702 2914 exercitlls
735 2807 824 2886 Μ’
857 2806 1012 2873 ”luerunt
1034 2811 1271 2913 ⁰f⁰diti⁰¹¹emi
1302 2821 1334 2874 et
1357 2828 1442 2893 ‘¹⁰⁰⁸
1495 2873 1589 2915 suam
1623 2853 1818 2935 sapientiam
1851 2854 1928 2915 voci
1963 2839 2104 2928 divinae,
2141 2850 2256 2913 sedin
2280 2851 2479 2935 obsequium

463 2907 531 2959 vrta
551 2896 695 2959 ostendit
714 2916 778 2959 non
792 2915 869 2959 esse
891 2895 1096 2979 prophanae,
1120 2893 1372 2960 autiascmatos
1387 2914 1441 2958 su·
1495 2936 1630 3015 ehu-Sti,
1654 2948 1690 3000 ut
1711 2936 1836 3002 Paulus
1859 2938 1973 3022 inquit,
1995 2937 2067 2999 sine
2087 2939 2297 3000 contumacia
2316 2939 2478 3023 reqipium

462 2983 669 3067 perstitione.
733 2978 806 3045 Etsi
837 2981 923 3047 enim
951 2982 997 3068 pii
1027 2993 1061 3045 et
1085 2983 1173 3046 docti
1195 3002 1262 3047 uon
1285 2981 1441 3046 admoniti
1494 3043 1682 3087 sermonem
1711 3024 1868 3101 divinum,
1893 3022 2132 3086 confirmamur
2153 3044 2174 3086 a
2197 3019 2322 3104 Spiritu
2344 3034 2477 3102 sancto,

462 3088 577 3173 ⁰⁰¹³?oe
598 3079 881 3172 possunttamen
905 3079 996 3132 'eme
1017 3080 1130 3173 ¹³⁰th
1146 3068 1288 3172 Erasm‘.)
1304 3086 1442 3152 ΜΡΝ
1493 3120 1531 3173 ut
1552 3109 1718 3174 lohannes
1741 3110 1861 3194 inquit:
1884 3107 2007 3173 Unctio
2031 3110 2131 3172 docet
2153 3126 2216 3171 vos
2251 3105 2396 3187 scilicet,
2418 3128 2479 3195 per

463 3155 549 3218 deri:
583 3150 716 3239 Aliquid
746 3159 828 3219 iacit
850 3153 981 3219 adrem
1004 3167 1150 3240 cognitio
1174 3157 1344 3219 doctrinae
1367 3172 1442 3217 coe·
1493 3214 1682 3259 sermonem
1705 3196 1860 3260 divinum
2216 3154 2229 3185 ³

459 3238 555 3304 lestis
576 3240 609 3304 in
626 3238 815 3305 hominibus
836 3241 911 3324 piis.
978 3241 1058 3305 lnde
1087 3244 1187 3327 igitur
1214 3241 1339 3306 iudices
1363 3236 1443 3302 deli·

461 3338 592 3411 gantur.
882 3393 899 3422 ι
1582 3332 1641 3397 Sic
1663 3333 1881 3416 acquiescunt
1898 3332 1942 3415 pii
1964 3331 1996 3395 in
2020 3331 2117 3395 dictis
2136 3330 2268 3394 divinis.
2312 3328 2357 3393 Et
2377 3349 2479 3415 quan·

1496 3440 1595 3505 quam
1627 3419 1782 3482 iuvantur
1803 3418 2001 3481 testimoniis
2024 3414 2189 3501 aliquibus
2211 3412 2399 3495 Ecclesiae,
2432 3428 2479 3482 ta·

548 3495 617 3562 Cur
651 3500 750 3584 igliur
783 3496 874 3562 mulii
906 3514 986 3564 sunt
1018 3521 1151 3566 errores
1179 3512 1212 3562 ⁰¹
1239 3499 1374 3574 ¹¹⁰i1¹¹¹¹s
1406 3506 1444 3561 ut
1495 3526 1569 3568 men
1594 3506 1734 3568 credunt
1755 3514 1892 3586 propter
1914 3505 2001 3568 dieta
2024 3504 2149 3566 divina:
2173 3502 2273 3565 Fides
2296 3503 2479 3568 ininvoca-

462 3582 668 3660 Bernhardi,
690 3582 959 3663 Bonaventurae,
981 3599 1038 3649 aut
1066 3582 1237 3649 similium?
1267 3583 1353 3656 Quia
1375 3604 1443 3647 non
1497 3592 1586 3655 tione
1607 3587 1665 3653 lilii
1687 3589 1762 3666 Dei,
1785 3590 1899 3653 nititur
1921 3609 2075 3653 sermone
2099 3589 2227 3665 divino,
2250 3608 2317 3652 non
2342 3589 2478 3654 decreto

463 3681 542 3733 sunt
575 3670 744 3733 admoniti.
806 3670 844 3734 Si
871 3693 960 3736 nunc
994 3673 1147 3738 viverent
1166 3670 1383 3735 Bernhardus
1412 3680 1444 3733 et
1495 3674 1636 3761 synodi,
1670 3677 1731 3738 scd
1763 3686 1873 3738 tamen
1906 3676 2058 3739 audimus
2080 3672 2268 3739 Ecclesiam
2291 3675 2479 3752 docentem,

462 3756 718 3834 Bonaventura,
754 3757 976 3823 existimarem
995 3778 1055 3823 eos
1078 3769 1149 3821 tuto
1178 3755 1255 3843 eligi
1277 3775 1380 3840 posse
1402 3756 1444 3819 ad
1496 3761 1745 3839 testificantem,
1780 3770 1813 3824 et
1833 3761 2002 3826 auditores
2028 3760 2297 3840 confirmantem,
2326 3760 2414 3825 sicut
2436 3761 2480 3825 ad

461 3835 656 3906 iudicandas
680 3844 943 3923 controversias,
964 3847 1021 3909 ubi
1033 3855 1183 3908 nostram
1194 3840 1444 3927 explicationem
1495 3847 1630 3913 Petrum
1653 3850 1776 3912 (lictum
1799 3861 1865 3910 est:
1888 3846 1930 3910 Et
1952 3858 1987 3911 tu
2010 3866 2208 3923 conversus,
2231 3844 2394 3910 confirma
2411 3845 2508 3911 ἴτε-ι

462 3929 678 3993 audivissent.
724 3928 824 3995 Certe
857 3932 899 3996 de
920 3930 1142 3996 fundamentis
1163 3929 1197 3992 in
1220 3926 1375 3995 Ecclesia
1396 3929 1444 3991 in·
1496 3946 1565 3998 tres
1594 3945 1680 4000 tuos.
1726 3933 1855 3997 interea
1877 3953 1997 4018 magna
2021 3944 2074 3996 est
2095 3929 2270 3995 multitudo
2294 3932 2480 4015 impiorum,

461 4027 512 4078 ter
540 4015 693 4080 senriores
727 4036 928 4081 corrsensnm
951 4038 1027 4080 esse
1049 4036 1190 4080 necesse
1212 4027 1284 4094 est,
1318 4015 1445 4078 etiamsi
1496 4022 1551 4105 qui
1585 4040 1680 4084 suam
1703 4020 1900 4102 sapientiam
1930 4016 2120 4083 anteferunt
2142 4018 2287 4082 somnoni
2311 4018 2425 4081 divino
2448 4028 2481 4082 ει

462 4091 518 4165 alii
540 4102 659 4187 magis,
681 4099 737 4166 alii
761 4104 869 4167 tiriaus
891 4105 1027 4189 proprie
1044 4100 1147 4168 locuti
1170 4114 1266 4180 sunt,
1289 4100 1356 4167 hoc
1379 4113 1442 4178 est,
1496 4104 1650 4170 satisfieri
1682 4106 1744 4168 sibi
1778 4101 1905 4183 nolunt,
1938 4125 2002 4169 nee
2035 4106 2139 4168 videri
2162 4100 2276 4167 volunt
2299 4103 2481 4187 perspicue

461 4188 503 4251 de
526 4185 674 4252 articulis
698 4187 787 4266 fidei,
806 4203 839 4253 et
857 4191 1044 4274 praecipuis
1055 4187 1142 4253 locis
1155 4189 1325 4251 doctrinae
1336 4185 1444 4250 Evan·
1496 4192 1651 4270 convicti,
1673 4192 1783 4276 quiin
1805 4191 2092 4256 lraocontumacia
2109 4191 2216 4275 magis
2240 4202 2478 4269 excaecantur,

462 4270 551 4360 gelii.
585 4272 628 4335 Et
649 4277 678 4338 si
701 4275 775 4359 quis
798 4277 979 4359 prudenter
1002 4275 1194 4338 considerat
1212 4274 1444 4338 omniumtem·
1495 4289 1532 4344 ut
1553 4276 1648 4341 Rom.
1675 4279 1724 4340 ll.
1748 4278 1886 4341 dicitur:
1916 4277 2148 4341 obscurentur
2171 4273 2260 4339 oculi
2283 4296 2411 4353 eorum,
2434 4295 2479 4340 ne

460 4379 579 4443 porum
613 4361 757 4443 scripta,
800 4362 1026 4425 animadverte
1049 4360 1212 4424 'subinde
1248 4353 1353 4423 luisse
1386 4354 1444 4423 ali·
1495 4364 1638 4428 videant.
1671 4361 1807 4427 Manent
1824 4364 1924 4450 igitur
1946 4363 2127 4427 certamina
2146 4373 2286 4445 propter
2304 4363 2479 4446 impiorum

484 4463 558 4522 uos,
581 4447 637 4529 qui
658 4448 774 4530 purius
797 4450 991 4513 docuerunt.
1035 4443 1196 4526 Basilius,
1230 4444 1442 4519 Ambrosius,
1494 4450 1719 4535 pertinaciam,
1742 4450 1802 4513 sed
1823 4461 1960 4534 propter
1981 4446 2068 4513 hanc
2090 4468 2157 4511 non
2181 4448 2388 4512 existimetur
2409 4468 2480 4512 ser·

460 4467 690 4610 liernhardus,
710 4534 751 4598 de
767 4535 954 4618 praecipuis
977 4534 1359 4609 raateriisconsentmnt,
1383 4530 1443 4593 sed
1495 4556 1548 4600 mo
1573 4537 1703 4599 divinus
1726 4536 1875 4599 incertus
1894 4553 1983 4612 esse,
2007 4546 2039 4597 et
2062 4530 2179 4598 similis
2202 4530 2290 4599 foliis
2313 4531 2478 4619 Sibyllae,

461 4614 680 4681 adhibeantur
708 4619 741 4683 in
773 4640 887 4686 eorum
910 4618 1052 4683 lectione
1075 4620 1257 4684 demeritas
1278 4617 1387 4681 iudicii
1410 4628 1443 4680 et
1495 4622 1562 4687 Sed
1585 4633 1663 4686 sunt
1685 4619 1786 4706 aliqui
1810 4623 1865 4705 pii,
1888 4622 1942 4706 qui
1965 4621 2060 4684 iirma
2087 4620 2288 4683 adsensione
2310 4640 2387 4685 euru
2409 4641 2479 4685 aru·

462 4703 606 4780 candor,
635 4717 668 4767 et
691 4708 964 4783 considerentur,
997 4727 1083 4793 quae
1106 4707 1266 4789 cuiusque
1283 4714 1442 4789 perpetua
1494 4706 1696 4791 plectuntur,
1718 4718 1755 4771 ut
1777 4708 1855 4784 dixi,
1879 4719 1912 4770 et
1934 4708 2067 4772 tandem
2078 4705 2171 4769 Deus
2194 4702 2316 4770 refutat
2334 4707 2481 4789 pertina-

461 4790 506 4852 sit
527 4792 704 4869 sententia,
726 4813 793 4856 non
816 4804 1039 4878 excerpantur
1056 4793 1142 4856 dicta
1154 4792 1343 4876 impropria,
1362 4809 1443 4875 qua·
1495 4796 1580 4859 ciam
1601 4795 1644 4859 irn
1668 4795 1773 4857 iorum
1796 4793 1914 4878 insigni
1928 4791 2091 4878 exemplo,
2111 4789 2220 4858 deleta
2235 4803 2308 4856 tota
2319 4789 2479 4869 factione,

412 4909 415 4916 =
460 4872 505 4938 lia
528 4874 631 4941 multa
653 4879 811 4942 excidunt
825 4881 991 4958 omnibus,
1014 4880 1109 4943 etiam
1122 4875 1296 4964 diligenter
1306 4873 1443 4962 loquen·
1494 4882 1580 4944 sicut
1602 4815 1726 4945 delevit
1747 4877 1968 4956 Pharaonem,
1992 4875 2229 4964 lerosolymam
2248 4890 2327 4961 post
2349 4877 2481 4963 praedi·

461 4964 561 5029 tibus.
591 4960 634 5025 Et
657 4974 765 5029 tamen
788 4964 899 5030 multis
922 4967 1143 5050 scriptoribus
1165 4962 1313 5029 defuisse
1337 4974 1370 5027 et
1391 4981 1443 5025 ra·
1496 4968 1658 5031 rationem
1687 4963 1941 5049 Apostolorum,
1974 4963 2210 5046 hianichaeos,
2243 4963 2414 5041 Arianos,
2448 4973 2486 5029 et

461 5049 584 5115 tionem
607 5047 807 5133 explicandi,
829 5065 862 5117 et
885 5049 1097 5139 diligentiam,
1119 5052 1329 5116 manifestum
1347 5058 1409 5114 est.
1495 5052 1593 5117 alios.
1637 5048 1730 5118 Talia
1753 5064 1831 5117 sunt
1852 5049 2026 5116 Ecclesiae
2055 5051 2252 5127 certamina,
2285 5071 2350 5114 nec
2372 5049 2484 5114 dirimi

1060 5153 1063 5160 “
1495 5149 1637 5222 possunt
1667 5159 1729 5223 per
1751 5136 1912 5216 homines,
1945 5139 2120 5203 autoritate
2152 5137 2244 5221 regia
2266 5147 2324 5200 aut
2346 5149 2482 5221 praeto·

547 5222 621 5288 Nec
654 5233 833 5308 propterca
862 5223 1085 5309 Augustiuum
1123 5235 1180 5289 aut
1212 5222 1443 5288 Bernhardum
1495 5226 1557 5304 ria,
1580 5226 1667 5289 sicut
1689 5226 1941 5290 controversiae
1963 5221 2115 5288 forenses
2139 5222 2180 5287 da
2203 5218 2357 5302 civilibus
2375 5243 2481 5310 nego-

460 5309 593 5387 abiioio,
609 5312 688 5458 quia
709 5306 835 5394 aliquid
858 5308 982 5375 habent
1004 5331 1171 5388 errorum,
1199 5331 1300 5395 quos,
1334 5310 1363 5373 si
1386 5308 1443 5373 ad·
1496 5313 1548 5376 tiis
1572 5312 1776 5377 dirimuntur.
1822 5326 1823 5329 ’

461 5398 575 5460 moniti
625 5398 762 5475 uissent,
797 5396 980 5462 correcturi
1004 5408 1108 5462 erant.
1153 5396 1263 5480 Saepe
1286 5397 1372 5459 enim
1394 5394 1470 5484 iit„

461 5494 498 5546 ut
520 5483 628 5545 sancti
647 5504 750 5568 supra
771 5478 1029 5557 fundamentum,
1052 5483 1325 5567 quemadmodum
1338 5483 1470 5602 inquiti
1581 5481 1677 5548 Hanc
1699 5493 1802 5547 totam
1824 5483 2170 5548 commemorationem
2194 5481 2235 5545 de
2251 5479 2399 5567 Synodis
2422 5498 2477 5546 ve·

461 5564 599 5645 Paulus,
621 5582 776 5635 extruant
796 5568 949 5656 stipulas.
971 5568 1020 5637 lta
1041 5566 1330 5636 etsiBeruhardns
1351 5578 1444 5633 recte.
1494 5588 1565 5636 ram
1587 5589 1664 5635 esse
1686 5580 1813 5636 certum
1833 5581 1898 5649 est,
1921 5579 1956 5634 et
1975 5564 2186 5653 profuturam
2213 5585 2292 5634 esse
2312 5566 2379 5654 piis
2401 5585 2477 5653 spe·
