5892 6709
460 618 530 714 ara
676 691 680 700 .
914 643 971 708 vr.
990 638 1056 709 aa
1078 641 1295 709 cocceam
1319 641 1377 707 nr
1399 642 1462 708 aa
1484 640 1769 738 norrrmrura
1792 641 1927 708 venat
1950 642 2038 707 aar.
2411 645 2478 712 cra

550 837 653 903 Addit
676 847 785 901 ontcnr
807 833 1007 920 Dionysius,
1027 842 1106 918 post
1132 829 1222 896 hauc
1237 828 1445 897 adhortatio·
1582 830 1617 896 ln
1639 826 1770 895 Libello
1794 833 1835 896 do
1858 851 1982 895 corono
2011 828 2121 895 militis
2139 830 2242 897 multo
2266 833 2346 897 dicit
2368 833 2409 896 da
2433 837 2476 897 ri·

465 923 701 1004 cannabinas
724 922 1021 1007 presbyterumet
1045 916 1235 1004 perfudisse
1256 915 1445 983 oleocarla
1495 920 1584 984 tibns
1606 918 1778 995 lrummris,
1801 928 1834 981 et
1856 918 1911 984 dm
1920 918 2033 982 issirne
2056 916 2245 983 declarnitat
2267 921 2310 983 de
2333 939 2474 983 curmae·
2515 923 2518 929 '

465 1033 538 1085 ver,
570 1021 604 1074 et
625 1018 795 1093 praeatum
813 1026 904 1085 csse,
938 1019 975 1070 nt
997 1005 1091 1071 Deus
1108 1006 1143 1070 ei
1167 1004 1374 1070 condonaret
1397 1005 1445 1068 in·
1495 1006 1625 1082 tudine,
1658 1002 1844 1068 habendam
1872 1023 1945 1068 earn
1971 1001 2055 1069 essa
2077 1026 2138 1088 pro
2162 1001 2247 1090 lege.
2292 1004 2353 1080 llis
2376 1006 2474 1069 dictis

465 1096 663 1174 lirnritatcrn,
685 1113 772 1180 quae
794 1094 826 1158 in
849 1114 890 1158 eo
912 1087 1041 1178 reliqua
1062 1090 1182 1157 luisset
1205 1102 1283 1176 post
1306 1109 1445 1155 eonver-
1496 1092 1529 1154 in
1550 1089 1705 1154 Ecclesia
1723 1087 1808 1153 rnala
1828 1090 1988 1169 detortis,
2011 1102 2047 1154 ut
2069 1091 2115 1167 lit,
2138 1094 2413 1155 continuarentur
2429 1092 2476 1155 irr-

465 1185 605 1248 aionem.
672 1181 797 1245 Postea
828 1180 973 1244 cancer·
1006 1179 1212 1243 condebatur
1244 1178 1277 1240 in
1313 1189 1444 1241 terram.
1496 1190 1615 1263 gentes
1644 1196 1778 1239 errores
1807 1178 1960 1241 omnibus
1991 1178 2168 1255 aetatibus,
2202 1178 2278 1263 qnia
2308 1198 2476 1262 nunquam

465 1269 538 1336 liae
560 1278 685 1332 tantum
709 1266 859 1331 lirnerunr
882 1262 1016 1331 luerunt
1048 1263 1257 1329 cerenromae
1279 1276 1358 1328 tnnc
1376 1262 1446 1347 qui·
1497 1275 1590 1327 tanta
1611 1275 1664 1327 est
1686 1259 1855 1347 vigilantia
1878 1263 2062 1340 hominurn,
2084 1278 2120 1330 ut
2142 1285 2207 1329 non
2231 1267 2394 1349 obrepant
2417 1261 2476 1328 att·
2532 1341 2534 1348 Ι

465 1355 552 1434 (lem,
583 1348 729 1419 nondum
752 1353 785 1417 in
809 1349 915 1418 dlissu
938 1350 1038 1417 liebat
1059 1347 1290 1415 ‹lesunctornm
1311 1350 1446 1426 mentio,
1497 1368 1584 1435 quac
1607 1349 1746 1412 vitiosae
1767 1350 2039 1414 eonsuetudines.
2530 1351 2532 1356 '

466 1439 572 1507 llulto
605 1442 713 1504 nrinns
747 1436 947 1503 rrffrncbatur
968 1456 1092 1521 corpus
1122 1435 1254 1500 Domini
1276 1455 1337 1520 pro
1361 1455 1446 1499 rnor-
1985 1443 1993 1450 '

466 1527 543 1593 tuis.
588 1524 683 1591 llanc
716 1524 1011 1609 prophanationem
1044 1522 1247 1590 sacramenti
1279 1522 1448 1604 posterior
1585 1517 1752 1585 lleecnsat
1772 1530 1880 1585 autem
1892 1518 2115 1585 Tertullianus
2137 1521 2314 1585 admodum
2332 1517 2480 1606 pueriles

465 1625 558 1680 aetas
579 1612 715 1677 addidit.
1498 1626 1628 1683 mores,
1660 1625 1704 1671 nc
1749 1618 1813 1670 rost
1840 1606 2043 1690 Baptismurn
2067 1608 2180 1690 primis
2209 1621 2337 1689 septem
2360 1608 2480 1670 «liebus

562 1693 564 1697 ⁴
1499 1703 1595 1755 eatur
1627 1694 1659 1754 in
1694 1694 1733 1756 ba
1752 1714 1857 1756 rreum.
1904 1693 1992 1767 ltern,
2028 1707 2062 1757 ut
2096 1694 2245 1777 baptizas
2279 1695 2480 1777 praebeatur

492 1807 497 1814 ·
552 1782 724 1848 Hactenus
743 1783 785 1846 de
807 1779 983 1867 Dionysio,
1006 1782 1039 1845 ln
1062 1800 1129 1866 quo
1151 1780 1214 1843 etsi
1238 1779 1447 1842 ceremoniae
1499 1778 1700 1864 gustandum
1723 1777 1777 1843 lac
1800 1789 1833 1842 ct
1856 1776 1930 1844 rnel.
1976 1779 2022 1842 lbi
2045 1779 2149 1864 irrqrrit
2170 1782 2290 1844 etiamr
2326 1778 2477 1842 llblmio·

447 1868 635 1955 aliquanto
664 1869 772 1933 minus
801 1868 942 1932 vitiosae
974 1876 1073 1944 suntr
1105 1878 1215 1930 tamen
1248 1875 1326 1929 sunt
1358 1865 1449 1928 initia
1501 1883 1561 1926 nes
1583 1884 1644 1947 pro
1657 1862 1834 1942 «telonem,
1859 1887 1918 1949 pro
1936 1862 2103 1943 natalitiis,
2128 1886 2237 1931 erinna
2254 1867 2307 1929 die
2325 1862 2478 1929 lireirrrrrs·

466 1955 702 2032 lllorrtelratns,
737 1965 769 2019 et
797 1952 863 2022 linc
896 1954 990 2037 gravi
1023 1951 1281 2037 reprehensione
1313 1951 1448 2035 dignum
1501 1949 1538 2036 ld
1560 1971 1648 2014 nunc
1669 1952 1767 2035 impie
1789 1953 1988 2035 detorquent
2010 1952 2193 2016 aduersarii
2217 1952 2321 2015 rrtrstri
2344 1950 2480 2015 orlrllis·

467 2056 537 2120 est,
553 2035 649 2127 'qrrod
672 2062 738 2106 non
767 2041 926 2104 discernit
952 2042 1035 2104 inter
1057 2045 1270 2106 Sacramenta
1292 2038 1448 2102 <livinitus
1500 2056 1558 2100 sas
1581 2057 1643 2121 pro
1665 2038 1816 2101 orortnis.
1868 2036 1935 2100 Cur
1956 2035 2087 2102 natales
2109 2040 2279 2116 orrrirtnrrt,
2303 2038 2331 2101 si
2355 2052 2481 2102 rantum

467 2128 632 2200 instituta.
665 2139 698 2191 ct
721 2126 891 2194 -lnrmanas
926 2127 1131 2191 traditiones.
1174 2122 1229 2188 De
1261 2122 1450 2188 Clrrismate
1501 2124 1647 2187 tribuunt
1667 2122 1835 2187 autoritati
1857 2120 2074 2190 Tertulliani?
2118 2124 2184 2190 Sed
2208 2123 2265 2189 ille
2287 2146 2352 2189 non
2376 2123 2481 2209 loqui·

468 2216 604 2300 perinde
625 2212 769 2299 loquitur·
789 2225 825 2278 ut
846 2213 888 2277 rie
909 2210 1092 2296 Baptisrno,
1115 2223 1149 2276 et
1169 2221 1292 2296 aequat
1313 2209 1449 2293 πάρεργα
1501 2222 1555 2273 tur
1577 2210 1619 2273 de
1641 2229 1748 2273 coena
1770 2208 1913 2273 llanrini.
1958 2209 2083 2274 Verum
2106 2212 2138 2275 in
2168 2213 2286 2277 diebus
2314 2208 2480 2275 intralibus

468 2304 581 2387 ἔργοις,
614 2313 651 2365 ut
679 2302 724 2364 itu
746 2300 864 2364 dicam.
928 2297 1169 2364 dionaelrorcru
1209 2297 1449 2361 ordinationem
1501 2306 1535 2359 et
1556 2292 1706 2359 lunarum
1729 2293 1966 2360 adferebantur
1987 2294 2153 2381 interrrpla
2176 2300 2256 2378 cibi,
2274 2310 2305 2361 et
2328 2296 2395 2361 ulia
2413 2302 2483 2361 nni·

468 2389 569 2451 etiarn
593 2385 745 2450 amelert
776 2385 979 2450 ordinationi
1011 2387 1246 2460 mirristrornm,
1272 2383 1370 2466 ouon
1398 2392 1450 2445 est
1501 2401 1582 2445 nera
1619 2381 1832 2465 pauperinus.
1890 2381 1980 2446 llaec
2019 2390 2188 2447 vocabant
2228 2385 2415 2448 oblationes
2449 2394 2483 2447 ct

468 2470 567 2538 valde
599 2475 871 2556 vituperandum,
915 2491 989 2536 cum
1031 2471 1194 2537 ordinatio
1227 2469 1449 2550 ministrorum
1500 2465 1632 2547 ἀγάπας,
1654 2479 1687 2529 et
1710 2487 1783 2530 mos
1804 2478 1877 2531 emt
1898 2470 1940 2531 ab
1963 2469 2103 2532 etlrnieis
2125 2484 2298 2554 aceeptus,
2323 2474 2383 2535 sed
2403 2490 2483 2533 non·

378 2584 383 2596 ·
492 2560 628 2623 attineat
663 2559 705 2622 ad
738 2558 1019 2641 praedicationem
1053 2554 1235 2639 Evangelii.
1281 2552 1341 2619 llla
1368 2574 1449 2617 vero
1501 2552 1581 2617 nibil
1605 2566 1791 2618 correctus.
1835 2552 1920 2616 Num
1943 2554 2075 2644 Etlnriei
2099 2555 2222 2622 dabam
2243 2556 2360 2641 epulas
2384 2560 2482 2623 ctirrrn

468 2581 708 2726 llorraclrororn
733 2645 895 2707 ordinatio
918 2646 961 2705 sit
982 2645 1231 2727 superstitiosa,
1263 2651 1296 2704 et
1325 2653 1449 2703 tanturn
1502 2641 1534 2726 in
1558 2636 1700 2722 templis,
1719 2640 1751 2702 in
1774 2637 1941 2703 natalibus
1963 2653 1997 2705 et
2019 2638 2202 2721 frunimiano,
2221 2656 2404 2728 napostea
2427 2642 2483 2706 Nl·

468 2730 526 2794 fiat
549 2743 684 2813 propter
706 2725 830 2794 cultmn
854 2727 1053 2813 prohibitum
1075 2732 1165 2794 iuxta
1187 2725 1289 2791 illud:
1311 2726 1451 2790 Frustra
1503 2746 1586 2791 cena
1609 2726 1767 2812 Synodus
1789 2737 1823 2789 et
1843 2722 1931 2791 aliae
1951 2727 2191 2815 prohibuerunt
2219 2728 2307 2797 barre
2329 2753 2483 2817 pompant

469 2814 584 2881 colunt
611 2837 664 2881 me
687 2817 851 2879 mandatis
881 2813 1058 2880 lrorninnm.
1103 2814 1146 2878 Et
1178 2829 1288 2877 tomen
1310 2814 1356 2876 ibi
1379 2813 1450 2876 nto-
1504 2811 1673 2878 nataliam.

468 2902 633 2965 naelratus
656 2913 794 2966 vocatur
816 2897 987 2985 per-lectio.
1031 2900 1123 2988 Ergo
1147 2896 1280 2964 valeant
1308 2900 1379 2963 cius
1403 2912 1449 2960 tc-

469 2987 635 3064 stimonia,
669 2988 757 3072 qued
791 2990 832 3050 ed
867 2985 1038 3051 historiam
1059 2988 1193 3063 attinet,
1226 2995 1261 3049 ut
1294 2986 1451 3066 scientos,
1590 2979 1739 3088 Ergoont
1760 2982 1803 3047 de
1825 2985 1965 3048 coeteris
1984 2984 2107 3050 «lictum
2131 2998 2201 3059 est,
2226 2987 2415 3053 testimonia
2435 2988 2484 3054 bl·

470 3074 632 3158 quirites
666 3084 745 3138 tnnc
779 3069 897 3136 luerint
930 3073 1054 3150 usitati,
1087 3094 1155 3136 non
1188 3070 1268 3136 fiant
1297 3072 1452 3157 dognreta
1503 3070 1630 3134 storica
1659 3072 1690 3134 in
1723 3066 1927 3134 Tertulliano
1957 3085 2113 3154 prosunt,
2146 3075 2202 3136 alii
2237 3087 2484 3154 cornutorum-ar,

470 3171 528 3224 aut
549 3156 647 3245 leges
668 3177 710 3225 cx
732 3160 804 3225 eitra
826 3159 1118 3241 descriptionibus.
1495 3157 1581 3243 -quid
1603 3156 1745 3219 serracrit
1766 3157 1860 3240 prior·
1873 3155 2051 3221 'Ecclesiar
2070 3157 2137 3222 Sed
2160 3159 2232 3223 eins
2255 3162 2485 3226 enarrationes

1503 3257 1537 3307 et
1560 3242 1802 3327 disputationes
1826 3264 1891 3316 nnn
1915 3246 2116 3328 recipiantur
2137 3256 2292 3330 tanqmm
2315 3249 2485 3331 digamia,

1503 3331 1567 3393 nisi
1606 3341 1770 3413 quatenus
1803 3332 2014 3396 consentiunt
2054 3352 2128 3396 curn
2171 3331 2368 3417 Apostoliea
2402 3336 2486 3400 scri·

1503 3429 1611 3502 ptura.
1809 3423 1813 3430 '

780 3592 845 3675 De
877 3593 1134 3676 Tertulliano.

1837 3763 1906 3849 Dc
1935 3763 2149 3880 Oppriano.

557 3840 782 3908 Tertullianus
804 3856 898 3909 recto
921 3840 1107 3910 confutarit
1128 3841 1332 3908 Marcionem
1355 3853 1388 3906 et
1403 3862 1455 3906 re·
1539 3891 1541 3893 -

471 3926 581 4013 liquos¹
605 3930 676 3993 eius
693 3929 849 3994 factionis
873 3930 1071 3995 lruereticos.
1104 3929 1259 3994 Continet
1280 3925 1372 3994 utilia
1393 3926 1455 3992 Te·

472 4015 625 4079 stirnonia
658 4016 699 4077 de
731 4016 905 4091 Trinacia,
939 4016 1085 4080 recitans
1107 4036 1174 4078 nou
1197 4035 1292 4079 suam
1321 4025 1455 4077 senten·
1593 4011 1782 4099 Cyprianus
1817 4014 1897 4078 risit
1927 4016 2060 4080 circiter
2089 4037 2212 4083 anunm
2246 4020 2378 4084 Domini
2411 4020 2488 4088 ann.

472 4103 561 4176 tianr,
584 4101 644 4164 sed
669 4111 814 4165 veterem
837 4114 1008 4183 acceptam
1030 4102 1072 4167 ab
1095 4098 1281 4185 dpnrstolis.
1325 4101 1456 4163 Adrer·
1478 4125 1482 4157 ι
1507 4096 1664 4165 Continet
1696 4098 1786 4165 utilia
1821 4102 2028 4181 testimonia,
2062 4102 2313 4183 Dc'Trinitnte,
2349 4110 2391 4170 da
2424 4108 2489 4174 lla·

472 4186 706 4251 susPraxcarn
729 4183 1268 4251 extatluculentumtestiinonium
1287 4187 1457 4265 «laverna,
1531 4186 1627 4251 rtsnro
1673 4186 1881 4264 areolarum,
1905 4185 1956 4252 lle
1977 4208 2041 4253 osu
2063 4210 2190 4256 coenae
2214 4191 2361 4271 linrrrini,
2391 4205 2424 4258 ct
2446 4195 2490 4260 do

472 4272 539 4339 true
561 4285 625 4349 cst,
647 4273 689 4339 de
704 4269 783 4337 i'tltu
798 4272 871 4351 bet,
893 4273 981 4358 quod
1004 4272 1048 4336 sit
1069 4293 1227 4356 persona,
1249 4274 1348 4339 etiam
1365 4286 1457 4337 ante·
1506 4209 1615 4340 lornra
1636 4210 1808 4339 electionis
1833 4272 2093 4360 Epireapornnr,
2115 4298 2202 4362 quos
2220 4279 2337 4344 scribit
2359 4276 2489 4346 electos

400 4433 403 4438 ,
473 4379 573 4445 quum
594 4360 782 4443 adsumpsit
803 4359 982 4425 hantunam
1004 4370 1167 4423 naturane
1507 4378 1586 4425 csse
1618 4380 1639 4425 a
1671 4373 1772 4426 coetu
1803 4358 1994 4440 Ecclesiae,
2029 4374 2063 4425 et
2084 4384 2157 4443 earn
2178 4361 2377 4430 electionem
2401 4386 2490 4432 coru·

577 4511 579 4515 ¹
1478 4501 1483 4529 ,
1507 4446 1682 4529 probatarrr
1703 4466 1781 4512 csse
1802 4445 1957 4513 adbibitis
1979 4445 2144 4533 aliquibus
2168 4451 2285 4516 ricinis
2304 4450 2488 4540 Episcopi&

558 4528 738 4598 Caeterum
770 4544 804 4598 et
836 4542 969 4596 retarca
1008 4525 1256 4615 reprehendunt
1294 4529 1483 4615 prraedrrm·
1651 4571 1657 4582 -
2011 4546 2017 4562 ⁸

474 4618 546 4682 eim
567 4629 702 4697 errata,
735 4614 903 4694 videlieet,
934 4618 1024 4702 quod
1046 4616 1215 4681 secundas
1237 4616 1368 4701 nuptias
1401 4615 1458 4680 da·
1595 4613 1664 4681 Sed
1688 4628 1819 4681 veteres
1846 4619 1946 4682 etiam
1975 4630 2129 4684 taxanmt
2152 4618 2371 4708 cyprianum,
2400 4626 2491 4711 qood

474 4715 585 4782 arnat,
616 4715 651 4771 ot
679 4702 819 4770 ridicule
837 4713 1111 4791 argumentatur:
1145 4701 1222 4767 Nun
1244 4698 1323 4767 lieet
1343 4699 1458 4768 fratris
1508 4701 1610 4767 scutit
1634 4704 1818 4786 baptizatos
1840 4706 1884 4768 ab
1907 4704 1971 4768 bae
1994 4706 2106 4771 reticis
2129 4729 2245 4771 rursus
2269 4711 2490 4794 baptizandos

474 4790 597 4854 mortui
616 4811 756 4855 anorum
779 4791 914 4868 ducere,
935 4788 1076 4856 Ducena
1099 4788 1232 4854 rideam
1255 4785 1405 4854 relictam
1437 4806 1459 4851 a
1509 4808 1598 4853 esse.
1643 4787 1789 4854 Elicndit
1808 4791 1894 4855 intcr
1915 4789 2168 4858 declanrandurrr
2190 4796 2353 4862 interrlmrr
2374 4799 2492 4864 abeur-

354 4897 357 4902 ·
474 4874 679 4956 Glrriatiano,
702 4877 792 4942 ducit
812 4874 926 4942 fratris
950 4875 1071 4943 mortui
1091 4895 1249 4953 uxorem,
1270 4873 1363 4962 Ergo
1389 4893 1458 4940 nan
1509 4875 1570 4940 das
1593 4876 1788 4954 sententias,
1817 4898 1891 4940 curn
1914 4890 2096 4976 exaggerat
2123 4880 2346 4947 immoderatis
2371 4883 2493 4969 lrypcr·

477 4959 679 5029 rorefecit.
1509 4958 1597 5026 bolis
1620 4982 1769 5040 causam,
1790 4982 1888 5048 quarn
1911 4963 2060 5044 trerrrutr,
2086 4963 2128 5030 Ut
2151 4966 2194 5030 tle
2216 4970 2332 5052 poenis
2348 4967 2491 5034 Canoni-

603 5077 608 5092 ·
972 5053 981 5068 ⁶
1509 5046 1561 5112 cis
1583 5048 1761 5114 admodum
1782 5049 1909 5114 rlrrriter
1930 5051 2065 5129 scribit,
2098 5052 2145 5117 trit
2167 5074 2233 5118 non
2256 5051 2370 5119 valera
2391 5058 2491 5122 abso·

563 5133 664 5199 Ludit
682 5134 780 5199 etium
802 5133 845 5198 dc
868 5152 972 5219 regno
995 5132 1210 5213 Sanctorum,
1242 5131 1333 5219 qnod
1355 5130 1459 5219 tinge
1509 5130 1681 5213 lutiorreru,
1704 5134 1766 5199 nisi
1785 5132 1865 5202 illae
1887 5155 2015 5219 poeaoo
2032 5134 2155 5205 fuerim
2175 5135 2379 5225 persolutae.
2419 5140 2501 5216 lluo¹

477 5222 557 5283 bant
578 5221 771 5287 duraturum
794 5239 872 5284 csse
898 5217 988 5285 nrillc
1009 5239 1117 5283 annos
1141 5219 1174 5283 irr
1203 5219 1270 5284 hac
1291 5214 1459 5301 corporali
1510 5220 1631 5286 dietum
1664 5232 1822 5307 quantum
1855 5221 1977 5289 lrabeat
2009 5224 2225 5306 incommodi,
2258 5245 2325 5290 non
2358 5238 2409 5292 cst
2431 5230 2492 5296 ob·

477 5305 564 5383 vita,
592 5317 674 5371 anta
691 5307 804 5371 mundi
826 5305 1122 5393 conllagrationcrn
1151 5316 1187 5372 et
1211 5316 1291 5371 ante
1310 5301 1458 5371 ultimum
1510 5326 1656 5372 scuram.
2495 5315 2502 5325 '

477 5390 647 5471 iudicium,
677 5390 835 5479 paulatim
857 5389 934 5458 aliis
957 5392 1066 5469 citius,
1098 5389 1175 5458 aliia
1196 5392 1326 5458 tardius
1346 5410 1459 5458 rasur-
1585 5425 1587 5432 ·
1825 5407 1827 5411 ‘
2608 5435 2617 5450 ·

477 5479 646 5565 semibus.
690 5478 764 5545 line
786 5478 956 5545 loduicum
975 5476 1228 5548 atam
1247 5496 1389 5566 parm
1403 5496 1460 5550 ett-
1599 5474 1824 5546 Vehementer
1834 5481 1932 5547 ctiam
1955 5477 2143 5548 declarabat
2160 5481 2203 5547 da
2221 5478 2402 5562 caelibatu,
2426 5489 2491 5558 atsi

478 5560 682 5650 ptorantem
700 5577 757 5632 eat
776 5586 822 5633 cx
838 5562 1003 5636 Eoclcria·
1512 5581 1590 5632 cnr
1610 5565 1745 5652 quidem
1765 5564 1878 5635 lacurn
1898 5568 2040 5655 aritiam
2068 5568 2160 5642 labat
2186 5569 2388 5637 concanora
2410 5591 2492 5641 coa·
