5892 6709
871 701 876 706 ·
920 672 1049 739 ⁴11

2186 667 2413 735 PmL.
2432 669 2637 738 MEL.
2685 665 3063 736 sthP'rA
3105 659 3668 734 DOGMATIGA.

4821 659 4957 728 412
4987 676 4995 686 ·

1097 860 1439 941 Secundo,
1478 857 1591 925 lex
1636 861 1836 925 docet
1878 858 2057 925 hanc
2100 870 2402 924 nostram
2446 871 2750 924 naturam
2776 861 2887 924 de-
2995 857 3152 943 cipit
3195 855 3648 921 remissionem
3692 861 4143 940 peccatorum,
4207 869 4338 915 nec
4380 850 4609 917 doceri
4640 847 4956 917 homines

920 952 1086 1016 bere
1155 945 1567 1014 conformem
1636 967 1790 1012 esse
1834 945 2008 1025 Deo,
2053 957 2121 1011 et
2166 968 2314 1011 cum
2358 946 2488 1012 hac
2533 945 2888 1011 conformi·
2967 955 3277 1031 possunt
3320 942 3386 1005 in
3432 942 3569 1005 vita
3613 937 3991 1024 Cyclopica.
4638 957 4651 964 ·

919 1045 1061 1101 tate
1103 1036 1288 1099 initio
1331 1035 1659 1099 conditam
1704 1052 1878 1097 esse.

1095 1204 1353 1284 Tertio,
1412 1205 1635 1268 monet
1677 1224 1804 1268 nos
1863 1205 1965 1269 de‘
1988 1204 2323 1286 praesenti
2365 1203 2661 1267 miserim
2733 1203 2889 1288 quia

926 1294 1097 1359 enim
1153 1292 1481 1370 ostendit,
1550 1288 1785 1375 quales
1848 1291 2092 1354 conditi
2150 1290 2394 1368 simuS,
2428 1329 2436 1337 -
2466 1300 2532 1353 et
2593 1290 2679 1353 ad
2732 1288 2890 1373 quid

922 1379 1170 1443 conditi
1235 1380 1480 1456 simuS,
1548 1396 1698 1441 cum
1764 1376 2067 1441 videmus
2130 1396 2259 1440 nos
2325 1373 2462 1462 legi
2530 1371 2887 1440 dissimiles

925 1483 1144 1544 esse„
1173 1463 1603 1549 agnoscimus
1661 1460 1886 1547 aliquo
1946 1462 2142 1526 modo
2188 1473 2487 1525 nostram
2531 1460 2886 1538 miseriam,

921 1561 1080 1615 tunc
1173 1550 1554 1627 raesertim,
1611 1550 1878 1634 quando
1945 1568 2105 1614 vere
2159 1546 2625 1633 perterrefiunt
2680 1548 2890 1610 corda

920 1656 1094 1702 voce
1198 1636 1368 1720 egis,
1411 1647 1486 1700 ut
1530 1654 1679 1699 cum
1723 1632 1940 1699 David
1986 1635 2375 1719 expavescit
2415 1652 2587 1698 voce
2621 1631 2889 1697 Nathan

923 1723 1358 1805 obiurgatuS,
1424 1733 1536 1785 aut
1582 1719 1946 1799 Ezechias,
2008 1739 2157 1785 cum
2211 1720 2449 1806 inquit=
2516 1718 2707 1784 Sicut
2747 1716 2888 1783 Leo

926 1809 1242 1872 contrivit
1286 1807 1506 1873 omnia
1552 1825 1714 1872 ossa
1759 1827 1930 1872 mea.

1099 1978 1390 2054 Quarto,
1449 1974 1594 2041 Lex
1648 1989 1873 2042 monet
1928 1997 2056 2042 nos
2101 1978 2301 2042 tacite
2346 1977 2429 2041 de
2471 1975 2889 2059 reparatione
2938 1998 2941 2009 *¹

922 2063 1189 2130 humani
1237 2064 1532 2150 generiS,
1576 2074 1641 2126 et
1684 2062 1769 2127 de
1804 2066 1939 2133 vita
1982 2073 2283 2129 aeternat
2327 2063 2482 2148 quia
2502 2063 2675 2126 enim
2696 2059 2887 2127 Deus
2940 2103 2941 2107 ,

921 2151 1164 2235 repetit
1208 2169 1443 2215 vocem
1483 2145 1660 2234 legis
1703 2160 1859 2233 post
1899 2148 2162 2233 lapsum
2204 2146 2527 2227 hominist,
2588 2143 2729 2214 vult
2773 2142 2889 2212 ali-

925 2236 1194 2322 quando
1239 2257 1384 2300 eam
1432 2233 1597 2312 fieri,
1641 2237 1766 2299 erit
1808 2236 2010 2320 igitur
2049 2236 2442 2301 instauratio
2477 2232 2748 2298 humani
2773 2252 2888 2319 ge·

924 2322 1135 2401 neris,
1180 2334 1247 2386 et
1289 2324 1428 2387 vita
1469 2321 1612 2384 sine
1654 2332 1958 2405 peceato.
2044 2321 2195 2385 Non
2244 2322 2413 2385 enim
2449 2317 2699 2386 frustra
2742 2318 2887 2384 Lex

924 2506 1204 2645 ῃεῗὲναε
1248 2492 1407 2559 alibi
1448 2493 1515 2558 in
1559 2494 2111 2578 promissionibus
2158 2493 2243 2558 de
2265 2493 2519 2559 Messia
2563 2509 2887 2576 expresse

924 2590 987 2646 tt
1074 2592 1166 2645 ita
1208 2592 1335 2647 est.
1535 2593 1542 2598 '

1102 2749 1372 2830 Quinto,
1417 2750 1565 2816 Lex
1606 2761 1710 2816 est
1754 2749 2198 2814 testimonium
2243 2748 2328 2813 de
2371 2747 2678 2827 Christo,
2733 2748 2890 2834 quia

927 2846 997 2902 et
1063 2837 1352 2902 ostendit
1418 2834 1632 2923 qualis
1699 2837 1807 2913 sit,
1875 2833 2135 2899 scilicet
2197 2834 2456 2900 habens
2523 2830 2890 2921 perfectam

928 2923 1276 3000 iustitiam,
1333 2921 1595 3008 qualem
1639 2920 1784 2987 Lex
1830 2922 2178 3000 describit,
2224 2933 2292 2986 et
2332 2942 2456 3005 pro
2497 2921 2695 2985 nobis
2739 2920 2889 2985 ideo

928 3007 1355 3074 satisfaciens
1392 3011 1674 3075 iustitiae
1720 3007 1873 3087 Dei,
1915 3010 2068 3094 quia
2112 3008 2260 3092 ipse
2303 3006 2507 3072 habet
2525 3004 2892 3092 perfectam

926 3096 1261 3173 iustitiam,
1306 3116 1453 3166 cum
1500 3094 1574 3159 fit
1610 3095 1871 3160 victima
1914 3115 2037 3177 pro
2081 3095 2318 3170 nobis,
2386 3114 2580 3179 quam
2641 3089 2894 3179 signifi·

927 3172 1095 3249 cant'
1132 3183 1268 3282 ty'pi
1313 3183 1377 3245 in
1423 3180 1773 3260 sacrificiis
1821 3180 2156 3245 LeviticiS.
2248 3177 2507 3244 Deinde
2551 3179 2749 3244 etiam
2797 3190 2890 3242 ta-

925 3257 1058 3333 lem
1102 3268 1420 3332 iustitiam
1459 3267 1526 3332 ln
1570 3267 1766 3331 nobis
1809 3265 2106 3347 inchoat,
2152 3263 2420 3352 qualem
2452 3265 2597 3329 Lex
2642 3265 2891 3329 deseri·-

928 3355 1030 3419 bit
1070 3354 1256 3419 iuxta
1290 3354 1567 3419 dictum:
1610 3352 1762 3417 Non
1808 3355 1958 3419 veni
1997 3349 2264 3419 solvere
2284 3350 2562 3439 Legem,
2608 3351 2732 3416 sed
2774 3351 2891 3415 im·
2941 3376 2942 3387 ¹

928 3434 1137 3524 plere.

1364 3776 1492 3846 DE
1535 3774 1913 3845 'rmPucl
1956 3776 2133 3843 USU
2173 3777 2460 3844 LEGIS.

1103 4034 1323 4123 Magis
1367 4037 1561 4101 etiam
1603 4037 2029 4122 perspicuum
2071 4035 2170 4115 fit,
2208 4057 2416 4124 quare
2459 4034 2569 4103 lex
2605 4033 2895 4122 promul·

930 4135 1091 4275 {ata
1136 4134 1204 4188 et
1244 4119 1582 4208 patefacta
1618 4125 1727 4201 sit,
1772 4123 2038 4209 quando
2065 4125 2538 4189 discernuntur
2567 4136 2703 4188 tres
2726 4142 2894 4188 usus
2945 4164 2946 4168 =

991 4211 1161 4295 egiS.
1219 4210 1479 4274 Primus
1525 4220 1631 4275 est
1670 4210 2171 4295 paedagogicus
2218 4231 2341 4275 seu
2382 4207 2693 4293 politicus
2734 4210 2893 4282 (hos

934 4297 1108 4361 enim
1151 4316 1286 4360 non
1331 4315 1614 4361 necesse
1661 4307 1766 4360 est
1809 4296 2131 4371 discerni)
2199 4296 2309 4380 qui
2356 4307 2460 4359 est
2502 4314 2738 4379 regere
2783 4314 2895 4359 ex-

933 4393 1125 4448 terna
1189 4385 1486 4447 membra
1553 4402 1677 4447 scu
1717 4379 2211 4459 locoinotivam,
2278 4393 2351 4446 ut
2396 4381 2640 4447 usitate
2685 4377 2896 4466 loqui-

933 4489 1107 4547 mur,
1172 4481 1245 4533 ut
1292 4482 1561 4534 externa
1604 4465 1941 4553 professio
2008 4478 2074 4531 et
2117 4466 2289 4532 aliae
2331 4469 2633 4533 actiones
2679 4478 2897 4533 exter·

933 4573 1063 4620 nae
1130 4566 1501 4641 congruant
1566 4576 1714 4621 cum
1773 4554 1958 4639 Lege
2002 4552 2152 4618 Dei.
2281 4551 2445 4618 Vult
2491 4554 2663 4621 enim
2704 4552 2896 4622 Deus

936 4644 1236 4707 coerceri
1302 4662 1533 4706 omnes
1576 4642 1879 4708 homines
1939 4641 2132 4706 etiam
2175 4659 2310 4705 non
2354 4653 2651 4718 renatos,
2715 4642 2898 4707 iuxta

936 4728 1213 4792 dictum:
1257 4726 1396 4792 Lex
1442 4741 1547 4792 est
1593 4729 1854 4794 iniustis
1898 4728 2153 4812 posita,
2221 4739 2288 4791 et
2332 4747 2537 4812 saepe
2582 4725 2753 4792 alias
2795 4748 2898 4791 re-

942 4814 1186 4881 citatae
1244 4825 1400 4879 sunt
1468 4834 1736 4893 causae,
1807 4834 2014 4900 quare
2071 4823 2348 4878 externa
2393 4813 2772 4878 obedientia
2813 4814 2899 4876 sit

933 4901 1352 4977 necessaria,
1418 4901 1609 4966 etiam
1657 4903 1720 4965 in
1781 4921 1914 4965 non
1971 4901 2263 4977 renatis,
2318 4897 2579 4965 scilicet
2638 4899 2695 4961 l.
2735 4896 2897 4964 Pro-

933 4999 1083 5074 pter
1124 4985 1500 5051 mandatum
1546 4987 1697 5053 Dei.
1741 4988 1806 5052 2.
1854 4986 1957 5050 Ad
2003 4985 2312 5051 vitandas
2356 5004 2614 5070 poenas
2659 5006 2896 5069 corpo·

933 5071 1118 5139 rales
1165 5085 1230 5137 et.
1274 5084 1606 5151 aeternas,
1651 5075 1804 5159 quia
1849 5073 1993 5136 sine
2028 5070 2169 5137 ulla
2213 5073 2655 5152 dubitatione,
2720 5081 2895 5136 atro-

829 5168 839 5180 '
921 5162 1039 5227 cia
1076 5156 1320 5225 delicta
1364 5173 1731 5244 sequuntur
1767 5172 2041 5224 atroces
2085 5179 2369 5243 poenae,
2416 5159 2614 5222 etiam
2658 5158 2721 5223 in
2766 5158 2896 5224 hac

933 5249 1098 5326 vita,
1141 5249 1328 5313 iuxta
1364 5248 1643 5311 dictum:
1712 5246 1839 5319 Qui
1888 5243 2179 5331 gladium
2246 5245 2602 5329 acceperit,
2669 5242 2894 5332 gladio

923 5335 1192 5416 peribit.
1279 5334 1462 5411 Item,
1512 5332 1743 5397 Omnis
1786 5332 2027 5411 anima,
2074 5353 2248 5418 quae
2288 5329 2522 5396 fecerit
2560 5332 2899 5398 abomina-

936 5420 1154 5483 tiones
1198 5422 1391 5500 istas,
1437 5421 1899 5505 extirpabitur.
1944 5425 2007 5484 3.
2055 5418 2337 5504 Propter
2377 5416 2662 5483 aliorum
2720 5430 2897 5483 tran·

937 5504 1345 5591 quillitatem.
1389 5510 1453 5571 4.
1501 5506 1589 5571 Ut
1631 5509 1717 5572 sit
1761 5507 2179 5592 paedagogia
2215 5507 2278 5568 in
2326 5503 2661 5570 Christum
2678 5550 2718 5583 ,.
2743 5506 2921 5591 quia.

934 5611 1381 5679 perseverans
1424 5597 1492 5659 iu
1520 5594 1797 5679 ,delictis
1823 5604 2056 5658 contra
2102 5592 2573 5658 conscientiam
2608 5612 2742 5656 non
2785 5611 2898 5656 ao·

3166 1062 3519 1129 Secundus
3577 1079 3743 1125 usus
3808 1054 4196 1146 principalis
4242 1046 4370 1135 est,
4438 1058 4523 1122 de
4566 1078 4698 1143 quo
4744 1059 4810 1121 in
4859 1056 4956 1122 uit

2993 1148 3267 1227 Paulus,
3332 1147 3466 1212 Per
3530 1144 3781 1234 Legem
3847 1145 4094 1230 agnitio
4153 1144 4437 1229 peccati.
4561 1143 4749 1222 ltem,
4870 1164 4956 1209 ex

2991 1235 3154 1303 iram
3201 1232 3427 1311 efficit,
3470 1233 3537 1298 id
3583 1243 3709 1311 est,
3776 1230 4087 1295 iudicium
4143 1252 4277 1316 quo
4320 1227 4510 1294 Deus
4556 1233 4719 1294 iram
4765 1249 4955 1294 suam

2993 1322 3285 1388 ostendit
3326 1320 3655 1384 adversus
3701 1317 3919 1384 omnia
3965 1330 4247 1404 peccata
4289 1317 4625 1394 interiora,
4692 1325 4759 1379 et
4802 1313 4956 1378 hor·

2991 1405 3165 1474 ribili
3228 1418 3487 1472 terrore
3550 1405 3859 1490 opprimit
3921 1422 4152 1490 omnes
4217 1402 4545 1480 homines,
4608 1411 4684 1466 ut
4746 1402 4957 1487 inquit

2990 1492 3241 1560 Ezech.
3331 1492 3522 1558 Sicut
3563 1490 3673 1555 leo
3720 1489 4026 1564 contrivit
4068 1490 4293 1554 omnia
4335 1508 4498 1576 ossa
4531 1508 4703 1567 mea,
4747 1507 4956 1573 quan·

2993 1601 3191 1670 quam
3235 1581 3406 1644 enim
3450 1574 3638 1643 multi
3682 1573 4162 1662 aliquantisper
4203 1576 4424 1640 securi
4482 1594 4615 1639 non
4661 1576 4956 1639 sentiunt

2991 1667 3125 1733 hoc
3166 1666 3517 1743 iudicium,
3582 1675 3801 1728 tamen
3860 1662 4124 1727 tandem
4169 1662 4478 1739 sentient,
4522 1671 4595 1724 ut
4636 1656 4955 1725 Psattw.

2993 1754 3273 1819 dicitur:
3314 1749 3505 1815 Deus
3549 1745 3897 1814 manifeste
3941 1748 4185 1826 veniet,
4207 1744 4396 1812 Deus
4420 1747 4676 1825 noster,
4719 1756 4789 1810 et
4818 1765 4956 1811 non

2993 1838 3216 1905 silebit
3260 1847 3388 1902 etc.
3433 1835 3596 1900 Item
3623 1832 3873 1900 loel.2.
3920 1832 4096 1898 Ante
4136 1833 4378 1899 faciem
4425 1832 4571 1898 eius
4617 1833 4790 1920 ignis
4834 1850 4954 1897 vo·

2991 1944 3176 2002 ranS,
3221 1945 3347 1989 nec
3394 1935 3497 1987 est
3520 1922 3632 2008 qui
3675 1919 3949 2026 effugiat
3993 1939 4176 1984 eum:
4244 1920 4414 1985 Nam
4472 1922 4583 2004 qui
4626 1938 4761 1983 non
4809 1938 4954 1984 cre·
5042 1993 5057 2005 ,

2994 2012 3089 2075 dit
3128 2012 3198 2074 in
3241 2008 3501 2086 Filium,
3568 2028 3703 2073 non
3771 2007 4022 2072 videbit
4059 2008 4294 2085 vitam,
4338 2006 4458 2072 sed
4502 2007 4601 2070 ira
4645 2003 4773 2070 Dei
4819 2026 4954 2070 ma·

2991 2107 3105 2163 net
3149 2116 3353 2182 super
3397 2115 3578 2160 eum:
3621 2093 3774 2158 ideo
3820 2090 4071 2158 Paulus
4116 2094 4359 2180 inquit:
4404 2091 4553 2178 Ego
4597 2088 4954 2178 aliquando

2991 2184 3138 2247 sine
3180 2181 3366 2268 Lege
3424 2181 3752 2258 vivebam,
3796 2179 3863 2243 id
3908 2190 4036 2258 est,
4072 2199 4356 2245 securus
4401 2199 4537 2243 non
4580 2178 4958 2244 sentiebam

2990 2269 3299 2334 iudicium
3323 2265 3514 2352 legis,
3557 2267 3864 2332 veniente
3906 2276 4126 2331 autem
4147 2264 4358 2353 Lege,
4400 2276 4751 2350 peccatum
4785 2262 4955 2329 revi-

923 2409 1205 2494 repetita
1270 2418 1409 2486 est,
1475 2407 1599 2471 sed
1655 2417 1874 2470 tamen
1933 2407 2234 2472 doctrina
2277 2408 2364 2488 de
2405 2406 2887 2470 instauratione
2989 2365 3087 2421 'ut
3129 2367 3196 2420 et
3239 2374 3366 2439 ego
3410 2363 3713 2418 mortuus
3757 2371 3928 2417 sum‘

3164 2507 3430 2574 Tertius
3472 2526 3640 2573 usus
3684 2515 3791 2571 est
3833 2507 3898 2570 in
3943 2506 4212 2585 renatis,
4256 2505 4323 2571 in
4360 2506 4598 2592 quibus
4638 2524 4956 2574 crescere

2990 2593 3461 2682 poenitentiam
3503 2613 3811 2672 necesse,
3857 2592 4009 2657 ideo
4052 2590 4245 2658 Deus
4288 2613 4555 2678 semper
4607 2591 4675 2655 in
4716 2589 4955 2657 Eccle-

2992 2683 3093 2748 sia
3135 2692 3203 2747 et
3245 2680 3510 2745 retinuit
3553 2689 3621 2744 et
3661 2678 3962 2765 repetivit
3983 2678 4255 2766 Legem,
4279 2690 4350 2743 ut
4374 2697 4544 2743 voce
4565 2678 4697 2743 ista
4729 2688 4953 2743 osten·
5022 2713 5031 2722 ·

2994 2769 3189 2833 datur
3255 2787 3339 2830 ac
3401 2777 3722 2852 arguatur
3785 2777 4154 2851 peccatum.
4287 2764 4444 2829 ltem
4473 2764 4740 2830 'renatis
4786 2763 4958 2848 opus

2993 2866 3101 2920 est
3143 2852 3521 2919 testimonio
3566 2851 3733 2928 Dei,
3782 2862 3854 2915 ut
3897 2850 4154 2931 sciant,
4210 2850 4322 2937 qui
4368 2848 4590 2916 cultus
4634 2848 4953 2933 placeant

2994 2938 3173 3018 Deo,
3209 2954 3276 3003 et
3318 2950 3541 3003 manet
3585 2938 3754 3003 ordo
3799 2936 3864 3001 in
3911 2949 4052 3003 tota
4094 2938 4515 3018 aeternitate,
4576 2948 4653 3003 ut
4700 2948 4958 3001 creatu·

2994 3047 3073 3093 ra
3103 3024 3266 3094 'Deo
3313 3025 3599 3091 obediat.
3689 3038 3693 3041 ’
4194 3056 4203 3064 ·

3458 3279 3585 3347 m:
3625 3278 3907 3348 Panto
3951 3229 4503 3345 Pmcerro.

3172 3520 3511 3608 Sapientia
3554 3519 3758 3671 ¹⁴⁶?
3802 3520 4135 3587 exhauriri
4177 3541 4315 3587 non
4358 3529 4606 3604 potest,
4650 3532 4718 3586 et
4738 3531 4961 3587 tamen

2997 3618 3336 3694 utcunque
3400 3608 3581 3672 initia
3693 3608 3970 3673 iscenda
4034 3621 4215 3686 sunt,
4272 3608 4439 3672 ordo
4492 3607 4560 3672 in
4605 3603 4959 3695 Deculogo

2996 3707 3131 3760 tam
3196 3696 3565 3759 concinnus
3631 3706 3760 3773 est,
3825 3706 3896 3759 ut
3958 3694 4107 3778 ipsa
4173 3694 4389 3759 series
4447 3704 4960 3777 praeceptorum

2999 3781 3085 3846 de
3126 3776 3354 3846 multis
3395 3780 3655 3865 magnis
3691 3781 3895 3845 rebus
3937 3800 4065 3845 nos
4089 3780 4464 3844 admoneat.
4554 3778 4809 3844 initium
4852 3790 4963 3844 est

2997 3868 3084 3932 ab
3130 3867 3467 3951 agnitione
3512 3876 3581 3929 et
3626 3863 3978 3932 dilectione
4023 3867 4167 3932 veri
4210 3864 4362 3943 Dei,
4409 3866 4564 3951 quia
4604 3866 4758 3931 ideo
4802 3886 4962 3931 con·

3000 3952 3117 4018 diti
3180 3972 3412 4018 sumus
3476 3949 3961 4036 principaliter,
4031 3964 4102 4018 ut
4144 3951 4331 4016 Deus
4375 3953 4574 4017 nobis
4618 3972 4809 4016 suam
4853 3972 4959 4016 sa·

2997 4039 3311 4125 pientiam
3360 4047 3426 4103 et
3489 4038 3802 4104 iustitiam
3848 4039 4318 4116 communicet,
4384 4047 4453 4102 ct
4496 4058 4620 4103 nos
4664 4038 4963 4103 vicissim
5084 4037 5091 4046 ’

3000 4145 3150 4190 eum
3195 4143 3671 4210 agnoscamus,
3720 4122 3829 4188 dili
3881 4144 4071 4189 amus
4118 4135 4185 4189 et
4230 4120 4640 4190 celebremus
4685 4128 4752 4187 e‘t
4797 4121 4960 4187 dile-

3002 4211 3136 4274 ctio
3202 4222 3427 4275 mutua
3495 4207 3765 4296 copulet
3898 4233 4047 4275 eum
4092 4220 4159 4275 et
4200 4229 4350 4290 noS,
4416 4212 4569 4295 quia
4611 4230 4800 4275 amor
4841 4219 4950 4273 est

3002 4292 3357 4381 copulatio,
3402 4296 3550 4360 idco
3596 4293 3851 4362 Paulus
3894 4299 4132 4403 inquit:
4195 4296 4338 4361 Erit
4395 4295 4583 4361 Deus
4630 4296 4851 4360 omnia
4893 4297 4962 4359 in

3001 4384 3330 4448 omnibus.
3417 4380 3580 4449 Mox
3621 4395 3843 4448 autem
3879 4384 3943 4448 in
3989 4384 4170 4449 mitio
4217 4383 4533 4448 discernit
4572 4403 4803 4446 verum
4826 4379 4962 4445 De·

2998 4490 3110 4534 um
3155 4490 3198 4533 a
3239 4470 3719 4535 commenticiis
3775 4470 4174 4548 numinibuS,
4239 4480 4307 4535 et
4363 4470 4563 4533 docet
4626 4468 4962 4553 quomodo

3000 4556 3086 4619 sit
3130 4557 3603 4642 agnoscendus
3647 4554 3875 4632 DeuS,
3945 4567 4012 4621 et
4055 4565 4279 4620 monet
4320 4554 4750 4641 cogitandum
4787 4572 4962 4634 esse,

3050 4644 3189 4722 uid,
3259 4653 3325 4708 et
3391 4661 3586 4729 quem
3646 4639 3862 4706 Deum
3905 4642 4019 4706 ubi
4078 4638 4479 4726 patefactum
4522 4637 4959 4725 alloquamur.

3001 4663 3173 4801 auia
3215 4729 3387 4793 enim
3433 4728 3648 4792 Deum
3692 4746 3824 4791 non
3870 4728 4199 4813 cernimus
4222 4724 4433 4793 oculis
4457 4728 4784 4813 corporis,
4818 4726 4966 4809 ipse

3001 4834 3157 4880 sese
3204 4813 3432 4880 Verbo
3478 4834 3604 4879 suo
3650 4825 3715 4878 et
3760 4827 3944 4878 certo
3991 4834 4191 4897 opere
4235 4810 4570 4899 patefecit,
4606 4814 4728 4877 >hic
4765 4812 4966 4899 igitur

2999 4912 3104 4966 est
3147 4919 3348 4965 verus
3392 4897 3580 4964 Deus
3617 4910 3684 4963 et
3725 4895 4166 4988 alloquendus
4214 4902 4324 4987 qui
4369 4899 4477 4965 hic
4523 4898 4848 4985 loquitur,
4895 4908 4963 4964 et

2998 4988 3110 5072 qui
3177 4985 3405 5050 eduxit
3444 4983 3787 5071 populum
3850 5006 3939 5051 ex
4003 4987 4345 5074 Aegypto,
4412 4987 4589 5051 sicut
4640 4985 4768 5049 ait:
4815 4984 4962 5071 Ego

2998 5094 3151 5138 sum
3213 5069 3544 5138 Dominus
3608 5070 3800 5138 Deus
3866 5085 4044 5152 tuus,
4112 5077 4223 5160 qui
4291 5074 4485 5138 eduxi
4541 5084 4610 5136 te
4653 5071 4739 5136 de
4786 5082 4963 5137 terra

2998 5159 3316 5245 Aegypti,
3370 5171 3635 5244 praeter
3697 5179 3802 5224 me
3865 5180 3999 5224 uon
4049 5174 4155 5226 est
4199 5157 4388 5225 alius,
4520 5158 4606 5223 Et
4640 5158 4754 5222 hic
4796 5159 4966 5223 idem

3000 5246 3193 5312 Deus
3238 5259 3342 5311 est
3389 5244 3758 5324 Abraham,
3801 5245 3992 5311 Isaac
4037 5259 4106 5311 et
4147 5248 4369 5324 iacob,
4413 5247 4476 5310 id
4503 5257 4631 5323 est,
4675 5246 4963 5331 quipro-

2998 5333 3382 5397 missionem
3447 5332 3628 5398 dedit
3683 5334 3769 5396 dc
3834 5346 4113 5398 venturo
4160 5331 4560 5397 Redemtore
4626 5331 4962 5395 Patribus.

3002 5418 3128 5483 Hic
3191 5420 3389 5504 igitur
3452 5417 3643 5484 Deus
3704 5420 4120 5484 invocandus
4186 5432 4311 5497 est,
4356 5420 4467 5503 qui
4512 5439 4595 5483 se
4650 5414 4964 5501 patefecit

3002 5505 3163 5571 dato
3208 5503 3341 5569 hoc
3382 5503 3635 5581 Verbo,
3679 5518 3746 5570 et
3780 5506 3937 5570 data
3977 5505 4422 5590 promissione
4468 5506 4551 5569 de
4593 5503 4968 5568 Mediatore

3002 5603 3069 5657 et
3101 5591 3302 5657 factis
3345 5588 3708 5671 miraculis,
3772 5602 3839 5656 et
3905 5600 4146 5675 postea
4185 5592 4393 5658 misso
4436 5590 4627 5670 Filio,
4692 5601 4968 5676 propter
